<record><header><identifier>oai:alma.41SLSP_UGE:991000763459705502</identifier><datestamp>2023-03-01T01:09:40Z</datestamp><setSpec>uge_cmu_RapidILL_JOURNAL</setSpec><setSpec>uge_aobs_RapidILL_JOURNAL</setSpec><setSpec>uge_aaca_RapidILL_JOURNAL</setSpec><setSpec>uge_abbat_RapidILL_JOURNAL</setSpec><setSpec>uge_bcen_RapidILL_JOURNAL</setSpec><setSpec>uge_dbu_RapidILL_JOURNAL</setSpec><setSpec>uge_mail_RapidILL_JOURNAL</setSpec><setSpec>UNIGE_ALL</setSpec><setSpec>uge_abels_RapidILL_JOURNAL</setSpec><setSpec>uge_acar_RapidILL_JOURNAL</setSpec></header><metadata>
<record xmlns="http://www.loc.gov/MARC21/slim" xmlns:xsi="http://www.w3.org/2001/XMLSchema-instance" xsi:schemaLocation="http://www.loc.gov/MARC21/slim http://www.loc.gov/standards/marcxml/schema/MARC21slim.xsd"><leader>01097nas a2200361 c 4500</leader><controlfield tag="001">991000763459705502</controlfield><controlfield tag="005">20230213194646.0</controlfield><controlfield tag="008">000924c19729999xxu|| p|  ||| 0    0eng d</controlfield><datafield ind1=" " ind2=" " tag="022"><subfield code="a">0092-8615</subfield></datafield><datafield ind1=" " ind2=" " tag="035"><subfield code="a">(swissbib)088886689-41slsp_network</subfield></datafield><datafield ind1=" " ind2=" " tag="035"><subfield code="a">088886689</subfield><subfield code="9">ExL</subfield></datafield><datafield ind1=" " ind2=" " tag="035"><subfield code="a">(RERO)1872121-41slsp</subfield></datafield><datafield ind1=" " ind2=" " tag="035"><subfield code="a">(EXLNZ-41SLSP_NETWORK)991128396129705501</subfield></datafield><datafield ind1=" " ind2=" " tag="040"><subfield code="a">RERO geussc</subfield><subfield code="d">CH-ZuSLS</subfield></datafield><datafield ind1=" " ind2="7" tag="072"><subfield code="a">pa</subfield><subfield code="2">rero</subfield></datafield><datafield ind1=" " ind2="7" tag="072"><subfield code="a">me</subfield><subfield code="2">rero</subfield></datafield><datafield ind1=" " ind2=" " tag="084"><subfield code="a">A 58.3 f</subfield><subfield code="2">cjurrom</subfield></datafield><datafield ind1=" " ind2=" " tag="084"><subfield code="a">CB/USA 58.3 f</subfield><subfield code="2">cjurrom</subfield></datafield><datafield ind1="1" ind2="0" tag="210"><subfield code="a">Drug. Inf. J.</subfield></datafield><datafield ind1="0" ind2="0" tag="245"><subfield code="a">Drug information journal</subfield></datafield><datafield ind1=" " ind2="1" tag="264"><subfield code="a">Ambler</subfield><subfield code="b">Drug Information Association</subfield><subfield code="c">1972-</subfield></datafield><datafield ind1=" " ind2=" " tag="300"><subfield code="c">26 cm</subfield></datafield><datafield ind1=" " ind2=" " tag="310"><subfield code="a">4x/an</subfield></datafield><datafield ind1=" " ind2=" " tag="336"><subfield code="b">txt</subfield><subfield code="2">rdacontent</subfield></datafield><datafield ind1=" " ind2=" " tag="337"><subfield code="b">n</subfield><subfield code="2">rdamedia</subfield></datafield><datafield ind1=" " ind2=" " tag="338"><subfield code="b">nc</subfield><subfield code="2">rdacarrier</subfield></datafield><datafield ind1="0" ind2=" " tag="362"><subfield code="a">Vol. 6(1972)-</subfield></datafield><datafield ind1=" " ind2=" " tag="530"><subfield code="a">Existe aussi en version électronique</subfield></datafield><datafield ind1=" " ind2=" " tag="580"><subfield code="a">Fait suite à: Drug information bulletin</subfield></datafield><datafield ind1=" " ind2="7" tag="650"><subfield code="a">Médicaments</subfield><subfield code="0">(IDREF)027239144</subfield><subfield code="2">idref</subfield></datafield><datafield ind1=" " ind2="7" tag="655"><subfield code="a">Périodiques</subfield><subfield code="0">(IDREF)02724640X</subfield><subfield code="2">idref</subfield></datafield><datafield ind1="0" ind2="0" tag="780"><subfield code="t">Drug information bulletin</subfield></datafield><datafield ind1="0" ind2=" " tag="776"><subfield code="t">Drug information journal</subfield><subfield code="w">(RERO)1872121-41slsp</subfield></datafield><datafield ind1=" " ind2=" " tag="900"><subfield code="a">REROnoselfmerge</subfield></datafield></record>
</metadata></record>