<record><header><identifier>oai:alma.41SLSP_UGE:991000763979705502</identifier><datestamp>2023-05-10T00:11:49Z</datestamp><setSpec>uge_bcen_RapidILL_BOOK</setSpec><setSpec>uge_aaca_RapidILL_BOOK</setSpec><setSpec>uge_abels_RapidILL_BOOK</setSpec><setSpec>uge_dbu_RapidILL_BOOK</setSpec><setSpec>uge_cmu_RapidILL_BOOK</setSpec><setSpec>uge_mail_RapidILL_BOOK</setSpec><setSpec>uge_abbat_RapidILL_BOOK</setSpec><setSpec>UNIGE_ALL</setSpec><setSpec>uge_aobs_RapidILL_BOOK</setSpec><setSpec>uge_acar_RapidILL_BOOK</setSpec></header><metadata>
<record xmlns="http://www.loc.gov/MARC21/slim" xmlns:xsi="http://www.w3.org/2001/XMLSchema-instance" xsi:schemaLocation="http://www.loc.gov/MARC21/slim http://www.loc.gov/standards/marcxml/schema/MARC21slim.xsd"><leader>01608nam a22003852c 4500</leader><controlfield tag="001">991000763979705502</controlfield><controlfield tag="005">20230509163452.0</controlfield><controlfield tag="008">140414s1978    ja ||||| |||| 00| ||jpn d</controlfield><datafield ind1=" " ind2=" " tag="035"><subfield code="a">(swissbib)119546760-41slsp_network</subfield></datafield><datafield ind1=" " ind2=" " tag="035"><subfield code="a">119546760</subfield><subfield code="9">ExL</subfield></datafield><datafield ind1=" " ind2=" " tag="035"><subfield code="a">(RERO)R007707282-41slsp</subfield></datafield><datafield ind1=" " ind2=" " tag="035"><subfield code="a">(EXLNZ-41SLSP_NETWORK)991140393739705501</subfield></datafield><datafield ind1=" " ind2=" " tag="040"><subfield code="a">DRB</subfield><subfield code="d">CH-ZuSLS</subfield></datafield><datafield ind1="0" ind2="4" tag="050"><subfield code="a">DS833</subfield><subfield code="b">.K27 1974</subfield></datafield><datafield ind1=" " ind2="7" tag="072"><subfield code="a">or</subfield><subfield code="2">rero</subfield></datafield><datafield ind1="0" ind2="4" tag="082"><subfield code="a">952.003</subfield></datafield><datafield ind1="0" ind2="0" tag="245"><subfield code="6">880-01</subfield><subfield code="a">Kadokawa Nihon shi jiten</subfield><subfield code="c">Mitsutoshi Takayanagi, Rizō Takeuchi hen</subfield></datafield><datafield ind1="0" ind2="0" tag="880"><subfield code="6">245-01/$1</subfield><subfield code="a">角川日本史辞典</subfield><subfield code="c">光寿高柳, 理三竹内編</subfield></datafield><datafield ind1="1" ind2=" " tag="246"><subfield code="6">880-02</subfield><subfield code="a">Nihon shi jiten</subfield></datafield><datafield ind1="1" ind2=" " tag="880"><subfield code="6">246-02/$1</subfield><subfield code="a">日本史辞典</subfield></datafield><datafield ind1=" " ind2=" " tag="250"><subfield code="6">880-03</subfield><subfield code="a">Dai 2 han</subfield></datafield><datafield ind1=" " ind2=" " tag="880"><subfield code="6">250-03/$1</subfield><subfield code="a">第2版</subfield></datafield><datafield ind1=" " ind2="1" tag="264"><subfield code="6">880-04</subfield><subfield code="a">Tōkyō</subfield><subfield code="b">Kadokawa Shoten</subfield><subfield code="c">Shōwa 53 [1978]</subfield></datafield><datafield ind1=" " ind2="1" tag="880"><subfield code="6">264-04/$1</subfield><subfield code="a">東京</subfield><subfield code="b">角川書店</subfield><subfield code="c">昭和53 [1978]</subfield></datafield><datafield ind1=" " ind2=" " tag="300"><subfield code="a">32, 1405 p.</subfield><subfield code="b">ill.</subfield><subfield code="c">18 cm</subfield></datafield><datafield ind1=" " ind2=" " tag="336"><subfield code="b">txt</subfield><subfield code="2">rdacontent</subfield></datafield><datafield ind1=" " ind2=" " tag="337"><subfield code="b">n</subfield><subfield code="2">rdamedia</subfield></datafield><datafield ind1=" " ind2=" " tag="338"><subfield code="b">nc</subfield><subfield code="2">rdacarrier</subfield></datafield><datafield ind1=" " ind2=" " tag="504"><subfield code="a">Index.</subfield></datafield><datafield ind1=" " ind2="7" tag="650"><subfield code="a">Histoire</subfield><subfield code="0">(IDREF)02726470X</subfield><subfield code="2">idref</subfield></datafield><datafield ind1=" " ind2="7" tag="651"><subfield code="a">Japon</subfield><subfield code="0">(IDREF)027262162</subfield><subfield code="2">idref</subfield></datafield><datafield ind1=" " ind2="7" tag="655"><subfield code="a">Dictionnaires</subfield><subfield code="0">(IDREF)027232050</subfield><subfield code="2">idref</subfield></datafield><datafield ind1="1" ind2=" " tag="700"><subfield code="6">880-05</subfield><subfield code="a">Takayanagi, Mitsutoshi</subfield><subfield code="d">1892-1969</subfield><subfield code="0">(RERO)A024289917</subfield></datafield><datafield ind1="1" ind2=" " tag="880"><subfield code="6">700-05/$1</subfield><subfield code="a">高柳光寿</subfield><subfield code="d">1892-1969</subfield></datafield><datafield ind1="1" ind2=" " tag="700"><subfield code="6">880-06</subfield><subfield code="a">Takeuchi, Rizō</subfield><subfield code="d">1907-1997</subfield><subfield code="0">(RERO)A023411184</subfield></datafield><datafield ind1="1" ind2=" " tag="880"><subfield code="6">700-06/$1</subfield><subfield code="a">竹内理三</subfield><subfield code="d">1907-1997</subfield></datafield></record>
</metadata></record>