<record><header><identifier>oai:alma.41SLSP_UGE:991000764299705502</identifier><datestamp>2024-07-22T02:40:26Z</datestamp><setSpec>uge_bcen_RapidILL_BOOK</setSpec><setSpec>uge_aaca_RapidILL_BOOK</setSpec><setSpec>uge_abels_RapidILL_BOOK</setSpec><setSpec>uge_dbu_RapidILL_BOOK</setSpec><setSpec>uge_cmu_RapidILL_BOOK</setSpec><setSpec>uge_mail_RapidILL_BOOK</setSpec><setSpec>uge_abbat_RapidILL_BOOK</setSpec><setSpec>UNIGE_ALL</setSpec><setSpec>uge_acar_RapidILL_BOOK</setSpec><setSpec>uge_aobs_RapidILL_BOOK</setSpec></header><metadata>
<record xmlns="http://www.loc.gov/MARC21/slim" xmlns:xsi="http://www.w3.org/2001/XMLSchema-instance" xsi:schemaLocation="http://www.loc.gov/MARC21/slim http://www.loc.gov/standards/marcxml/schema/MARC21slim.xsd"><leader>01288nam a2200277 c 4500</leader><controlfield tag="001">991000764299705502</controlfield><controlfield tag="005">20230720195013.0</controlfield><controlfield tag="007">h| ||||||||||</controlfield><controlfield tag="008">070809r20061608sz |||||r|||| 00| ||lat d</controlfield><datafield ind1=" " ind2=" " tag="035"><subfield code="a">(swissbib)105673137-41slsp_network</subfield></datafield><datafield ind1=" " ind2=" " tag="035"><subfield code="a">105673137</subfield><subfield code="9">ExL</subfield></datafield><datafield ind1=" " ind2=" " tag="035"><subfield code="a">(RERO)R004523595-41slsp</subfield></datafield><datafield ind1=" " ind2=" " tag="035"><subfield code="a">(EXLNZ-41SLSP_NETWORK)991034210409705501</subfield></datafield><datafield ind1=" " ind2=" " tag="040"><subfield code="a">RERO geuchr</subfield><subfield code="d">CH-ZuSLS</subfield></datafield><datafield ind1=" " ind2="7" tag="072"><subfield code="a">ht</subfield><subfield code="2">rero</subfield></datafield><datafield ind1="1" ind2=" " tag="100"><subfield code="a">Waser, Kaspar</subfield><subfield code="d">1565-1625</subfield><subfield code="0">(IDREF)067033997</subfield><subfield code="4">cre</subfield></datafield><datafield ind1="1" ind2="0" tag="245"><subfield code="a">De vita et obitu reverendi, nobilis et clariss. viri Dn. Joh. Guilielmi Stuckii, sacrarum litterarum professoris in Schola Tigurina</subfield><subfield code="b">oratio historica</subfield><subfield code="c">habita publice et edita a Casparo Wasero, Tigurino ; addita sunt clarissimorum aliquot virorum, et Dn. Stuckio charissimorum, quib. et ipse vivus fuit charissimus, et mortuus est honoratissimus epicedia</subfield></datafield><datafield ind1=" " ind2="1" tag="264"><subfield code="a">Tiguri</subfield><subfield code="b">in officina Wolphiana</subfield><subfield code="c">1608</subfield></datafield><datafield ind1=" " ind2=" " tag="300"><subfield code="a">[44] f.</subfield><subfield code="c">4°</subfield></datafield><datafield ind1=" " ind2=" " tag="336"><subfield code="b">txt</subfield><subfield code="2">rdacontent</subfield></datafield><datafield ind1=" " ind2=" " tag="337"><subfield code="b">h</subfield><subfield code="2">rdamedia</subfield></datafield><datafield ind1=" " ind2=" " tag="500"><subfield code="a">Cote de l'ex. microfilmé : 5.212/5</subfield></datafield><datafield ind1=" " ind2=" " tag="533"><subfield code="a">Microfilm</subfield><subfield code="b">Zürich</subfield><subfield code="c">Zentralbibliothek</subfield><subfield code="d">2006</subfield><subfield code="e">1 microfilm : négatif ; 35 mm</subfield></datafield><datafield ind1="1" ind2="7" tag="600"><subfield code="a">Stucki, Johann Wilhelm</subfield><subfield code="d">1542-1607</subfield><subfield code="0">(IDREF)070207143</subfield><subfield code="2">idref</subfield></datafield><datafield ind1="1" ind2=" " tag="700"><subfield code="a">Wolf, Johannes</subfield><subfield code="d">1564-1627</subfield><subfield code="0">(IDREF)073944955</subfield></datafield><datafield ind1=" " ind2=" " tag="751"><subfield code="a">Zurich (Zurich, Suisse)</subfield><subfield code="4">pup</subfield><subfield code="0">(IDREF)027418545</subfield></datafield><datafield ind1=" " ind2=" " tag="900"><subfield code="a">REROswissbibnomerge</subfield></datafield><datafield ind1=" " ind2=" " tag="993"><subfield code="a">MHR MICRO 185</subfield><subfield code="x">ge/mhr-/9036</subfield><subfield code="9">LOCAL</subfield></datafield></record>
</metadata></record>