<record><header><identifier>oai:alma.41SLSP_UGE:991000763569705502</identifier><datestamp>2023-03-06T01:10:42Z</datestamp><setSpec>uge_bcen_RapidILL_BOOK</setSpec><setSpec>uge_aaca_RapidILL_BOOK</setSpec><setSpec>uge_abels_RapidILL_BOOK</setSpec><setSpec>uge_dbu_RapidILL_BOOK</setSpec><setSpec>uge_cmu_RapidILL_BOOK</setSpec><setSpec>uge_mail_RapidILL_BOOK</setSpec><setSpec>uge_abbat_RapidILL_BOOK</setSpec><setSpec>UNIGE_ALL</setSpec><setSpec>uge_acar_RapidILL_BOOK</setSpec><setSpec>uge_aobs_RapidILL_BOOK</setSpec></header><metadata>
<record xmlns="http://www.loc.gov/MARC21/slim" xmlns:xsi="http://www.w3.org/2001/XMLSchema-instance" xsi:schemaLocation="http://www.loc.gov/MARC21/slim http://www.loc.gov/standards/marcxml/schema/MARC21slim.xsd"><leader>01389nam a2200325 c 4500</leader><controlfield tag="001">991000763569705502</controlfield><controlfield tag="005">20230305092148.0</controlfield><controlfield tag="008">201012s1939    fr ||||| |||| 10| ||eng d</controlfield><datafield ind1=" " ind2=" " tag="035"><subfield code="a">(swissbib)235065528-41slsp_network</subfield></datafield><datafield ind1=" " ind2=" " tag="035"><subfield code="a">235065528</subfield><subfield code="9">ExL</subfield></datafield><datafield ind1=" " ind2=" " tag="035"><subfield code="a">(RERO)1991335-41slsp</subfield></datafield><datafield ind1=" " ind2=" " tag="035"><subfield code="a">(NEBIS)009162856EBI01</subfield></datafield><datafield ind1=" " ind2=" " tag="035"><subfield code="a">(EXLNZ-41SLSP_NETWORK)991089616679705501</subfield></datafield><datafield ind1=" " ind2=" " tag="040"><subfield code="a">RERO geuses</subfield><subfield code="d">CH-ZuSLS</subfield></datafield><datafield ind1=" " ind2="7" tag="072"><subfield code="a">se</subfield><subfield code="2">rero</subfield></datafield><datafield ind1=" " ind2=" " tag="084"><subfield code="a">QM 230</subfield><subfield code="2">rvk</subfield></datafield><datafield ind1="1" ind2=" " tag="100"><subfield code="a">Tasca, Henry Joseph</subfield><subfield code="d">1912-1979</subfield><subfield code="0">(IDREF)137274750</subfield><subfield code="4">cre</subfield></datafield><datafield ind1="1" ind2="0" tag="245"><subfield code="a">World trading systems</subfield><subfield code="b">a study of American and British commercial policies : economic policies in relation to world peace : [International studies conference, twelfth session, Bergen, 1939]</subfield><subfield code="c">by Henry J. Tasca</subfield></datafield><datafield ind1="1" ind2=" " tag="246"><subfield code="a">Economic policies in relation to world peace</subfield></datafield><datafield ind1=" " ind2="1" tag="264"><subfield code="a">Paris</subfield><subfield code="b">International Institute of Intellectual Co-Operation</subfield><subfield code="c">1939</subfield></datafield><datafield ind1=" " ind2=" " tag="300"><subfield code="a">167 p.</subfield><subfield code="c">24 cm</subfield></datafield><datafield ind1=" " ind2=" " tag="336"><subfield code="b">txt</subfield><subfield code="2">rdacontent</subfield></datafield><datafield ind1=" " ind2=" " tag="337"><subfield code="b">n</subfield><subfield code="2">rdamedia</subfield></datafield><datafield ind1=" " ind2=" " tag="338"><subfield code="b">nc</subfield><subfield code="2">rdacarrier</subfield></datafield><datafield ind1="1" ind2=" " tag="490"><subfield code="a">International memorandum</subfield><subfield code="v">No 4</subfield></datafield><datafield ind1=" " ind2="7" tag="650"><subfield code="a">Politique commerciale</subfield><subfield code="0">(IDREF)027819124</subfield><subfield code="2">idref</subfield></datafield><datafield ind1=" " ind2="7" tag="651"><subfield code="a">États-Unis</subfield><subfield code="0">(IDREF)027225488</subfield><subfield code="2">idref</subfield></datafield><datafield ind1=" " ind2="7" tag="651"><subfield code="a">Grande-Bretagne</subfield><subfield code="0">(IDREF)027228231</subfield><subfield code="2">idref</subfield></datafield><datafield ind1="2" ind2=" " tag="710"><subfield code="a">Conférence permanente des hautes études internationales</subfield><subfield code="b">Session</subfield><subfield code="n">12</subfield><subfield code="d">1939</subfield><subfield code="c">Bergen</subfield><subfield code="0">(RERO)A012428423</subfield></datafield><datafield ind1=" " ind2="0" tag="830"><subfield code="a">International memorandum</subfield><subfield code="v">4</subfield><subfield code="w">(RERO)1611869-41slsp</subfield></datafield><datafield ind1=" " ind2=" " tag="900"><subfield code="a">REROnoselfmerge</subfield></datafield></record>
</metadata></record>