<record><header><identifier>oai:alma.41SLSP_UGE:991000764279705502</identifier><datestamp>2024-10-05T00:09:25Z</datestamp><setSpec>uge_cmu_RapidILL_JOURNAL</setSpec><setSpec>uge_aobs_RapidILL_JOURNAL</setSpec><setSpec>uge_aaca_RapidILL_JOURNAL</setSpec><setSpec>uge_bcen_RapidILL_JOURNAL</setSpec><setSpec>uge_abbat_RapidILL_JOURNAL</setSpec><setSpec>uge_mail_RapidILL_JOURNAL</setSpec><setSpec>uge_dbu_RapidILL_JOURNAL</setSpec><setSpec>uge_abels_RapidILL_JOURNAL</setSpec><setSpec>UNIGE_ALL</setSpec><setSpec>uge_acar_RapidILL_JOURNAL</setSpec></header><metadata>
<record xmlns="http://www.loc.gov/MARC21/slim" xmlns:xsi="http://www.w3.org/2001/XMLSchema-instance" xsi:schemaLocation="http://www.loc.gov/MARC21/slim http://www.loc.gov/standards/marcxml/schema/MARC21slim.xsd"><leader>01466nas a2200385 c 4500</leader><controlfield tag="001">991000764279705502</controlfield><controlfield tag="005">20241004200840.0</controlfield><controlfield tag="008">201012d19741987sz || p|  ||| 0    0eng d</controlfield><datafield ind1="7" ind2=" " tag="016"><subfield code="a">187209-6</subfield><subfield code="2">ZDB</subfield></datafield><datafield ind1=" " ind2=" " tag="022"><subfield code="a">0377-6883</subfield></datafield><datafield ind1=" " ind2=" " tag="035"><subfield code="a">(swissbib)241360706-41slsp_network</subfield></datafield><datafield ind1=" " ind2=" " tag="035"><subfield code="a">241360706</subfield><subfield code="9">ExL</subfield></datafield><datafield ind1=" " ind2=" " tag="035"><subfield code="a">(RERO)0851905-41slsp</subfield></datafield><datafield ind1=" " ind2=" " tag="035"><subfield code="a">(NEBIS)000033697EBI01</subfield></datafield><datafield ind1=" " ind2=" " tag="035"><subfield code="a">(EXLNZ-41SLSP_NETWORK)991004142419705501</subfield></datafield><datafield ind1=" " ind2=" " tag="040"><subfield code="a">RERO geussc</subfield><subfield code="d">CH-ZuSLS</subfield></datafield><datafield ind1=" " ind2="7" tag="072"><subfield code="a">ch</subfield><subfield code="2">rero</subfield></datafield><datafield ind1="1" ind2="0" tag="210"><subfield code="a">Diffus. Defect Data</subfield></datafield><datafield ind1="0" ind2="0" tag="245"><subfield code="a">Diffusion and defect data</subfield></datafield><datafield ind1=" " ind2="1" tag="264"><subfield code="a">Aedermannsdorf</subfield><subfield code="b">Trans Tech</subfield><subfield code="a">Bay Village Ohio</subfield><subfield code="b">Trans Tech Publications</subfield></datafield><datafield ind1=" " ind2=" " tag="300"><subfield code="a">Bände</subfield></datafield><datafield ind1=" " ind2=" " tag="310"><subfield code="a">Environ 6 vol. par année</subfield></datafield><datafield ind1=" " ind2=" " tag="336"><subfield code="b">txt</subfield><subfield code="2">rdacontent</subfield></datafield><datafield ind1=" " ind2=" " tag="337"><subfield code="b">n</subfield><subfield code="2">rdamedia</subfield></datafield><datafield ind1=" " ind2=" " tag="338"><subfield code="b">nc</subfield><subfield code="2">rdacarrier</subfield></datafield><datafield ind1="0" ind2=" " tag="362"><subfield code="a">Vol. 8, no. 1 (1974)-vol. 55/56 (1987)</subfield></datafield><datafield ind1=" " ind2=" " tag="580"><subfield code="a">Fait suite à: Diffusion data. Devient: Diffusion and defect data, solid state data</subfield></datafield><datafield ind1=" " ind2="7" tag="650"><subfield code="a">DEFEKTE UND FEHLORDNUNG (KRISTALLOGRAPHIE)</subfield><subfield code="9">ger</subfield><subfield code="0">(ETHUDK)000019610</subfield><subfield code="2">ethudk</subfield></datafield><datafield ind1=" " ind2="7" tag="650"><subfield code="a">DIFFUSION (PHYSIK VON MOLEKULARSYSTEMEN)</subfield><subfield code="9">ger</subfield><subfield code="0">(ETHUDK)000015681</subfield><subfield code="2">ethudk</subfield></datafield><datafield ind1=" " ind2="7" tag="655"><subfield code="a">Zeitschrift</subfield><subfield code="2">gnd-content</subfield></datafield><datafield ind1="0" ind2="0" tag="785"><subfield code="t">Diffusion and defect data, solid state data</subfield><subfield code="w">(RERO)R214352760-41slsp</subfield></datafield><datafield ind1="0" ind2="0" tag="785"><subfield code="t">Diffusion and defect data. Part A, Defect and diffusion forum</subfield></datafield><datafield ind1="0" ind2="0" tag="780"><subfield code="t">Diffusion data</subfield><subfield code="w">(NEBIS)000033695EBI01</subfield></datafield><datafield ind1="0" ind2="0" tag="785"><subfield code="t">Diffusion and defect data. Part B, Solid state phenomena</subfield></datafield><datafield ind1=" " ind2=" " tag="900"><subfield code="a">REROnoselfmerge</subfield></datafield><datafield ind1=" " ind2=" " tag="900"><subfield code="a">NEBISnoselfmerge</subfield></datafield></record>
</metadata></record>