<record><header><identifier>oai:alma.41SLSP_UGE:991000764079705502</identifier><datestamp>2024-03-14T01:22:29Z</datestamp><setSpec>uge_bcen_RapidILL_BOOK</setSpec><setSpec>uge_aaca_RapidILL_BOOK</setSpec><setSpec>uge_abels_RapidILL_BOOK</setSpec><setSpec>uge_dbu_RapidILL_BOOK</setSpec><setSpec>uge_cmu_RapidILL_BOOK</setSpec><setSpec>uge_mail_RapidILL_BOOK</setSpec><setSpec>uge_abbat_RapidILL_BOOK</setSpec><setSpec>UNIGE_ALL</setSpec><setSpec>uge_acar_RapidILL_BOOK</setSpec><setSpec>uge_aobs_RapidILL_BOOK</setSpec></header><metadata>
<record xmlns="http://www.loc.gov/MARC21/slim" xmlns:xsi="http://www.w3.org/2001/XMLSchema-instance" xsi:schemaLocation="http://www.loc.gov/MARC21/slim http://www.loc.gov/standards/marcxml/schema/MARC21slim.xsd"><leader>01261nam a2200289 c 4500</leader><controlfield tag="001">991000764079705502</controlfield><controlfield tag="005">20240314003405.0</controlfield><controlfield tag="008">031020s1795    sz ||||| |||| 00| ||fre d</controlfield><datafield ind1=" " ind2=" " tag="035"><subfield code="a">(swissbib)099841223-41slsp_network</subfield></datafield><datafield ind1=" " ind2=" " tag="035"><subfield code="a">099841223</subfield><subfield code="9">ExL</subfield></datafield><datafield ind1=" " ind2=" " tag="035"><subfield code="a">(RERO)R003525510-41slsp</subfield></datafield><datafield ind1=" " ind2=" " tag="035"><subfield code="a">(EXLNZ-41SLSP_NETWORK)991132174009705501</subfield></datafield><datafield ind1=" " ind2=" " tag="040"><subfield code="a">RERO geulsh</subfield><subfield code="d">CH-ZuSLS</subfield></datafield><datafield ind1=" " ind2=" " tag="044"><subfield code="a">sz</subfield><subfield code="c">ch-ge</subfield></datafield><datafield ind1=" " ind2="7" tag="072"><subfield code="a">dr</subfield><subfield code="2">rero</subfield></datafield><datafield ind1="0" ind2="0" tag="245"><subfield code="a">Egalité, liberté, indépendance</subfield><subfield code="b">Au nom de la nation. Les Syndics et conseil, considérant que l'édit sur la création d'une monnoye nationale ... ...</subfield></datafield><datafield ind1=" " ind2="1" tag="264"><subfield code="a">[Genève]</subfield><subfield code="b">[éditeur non identifié]</subfield><subfield code="c">1795</subfield></datafield><datafield ind1=" " ind2=" " tag="300"><subfield code="a">1 placard</subfield><subfield code="c">in-fol. (54 cm)</subfield></datafield><datafield ind1=" " ind2=" " tag="336"><subfield code="b">txt</subfield><subfield code="2">rdacontent</subfield></datafield><datafield ind1=" " ind2=" " tag="337"><subfield code="b">n</subfield><subfield code="2">rdamedia</subfield></datafield><datafield ind1=" " ind2=" " tag="338"><subfield code="b">nc</subfield><subfield code="2">rdacarrier</subfield></datafield><datafield ind1=" " ind2=" " tag="500"><subfield code="a">Donné à Genève le 31 décembre 1794, l'an 3e de l'Egalité genevoise</subfield></datafield><datafield ind1=" " ind2=" " tag="500"><subfield code="a">Tarif donnant la valeur des nouvelles monnaies genevoises relativement aux anciennes de Genève et de l'étranger. - Suivi d'un extrait des registres du Conseil administratif du 2 janvier 1795, mettant hors de cours les pièces de billon de Piémont</subfield></datafield><datafield ind1=" " ind2=" " tag="500"><subfield code="a">(Signé) Didier</subfield></datafield><datafield ind1=" " ind2=" " tag="500"><subfield code="a">Texte sur 2 colonnes</subfield></datafield><datafield ind1="3" ind2=" " tag="510"><subfield code="a">Rivoire n° 5023</subfield></datafield><datafield ind1="1" ind2=" " tag="710"><subfield code="a">Genève (République)</subfield><subfield code="0">(IDREF)02726453X</subfield></datafield><datafield ind1=" " ind2=" " tag="900"><subfield code="a">REROswissbibnomerge</subfield></datafield></record>
</metadata></record>