<record><header><identifier>oai:alma.41SLSP_UGE:991000763869705502</identifier><datestamp>2024-03-09T01:34:33Z</datestamp><setSpec>uge_bcen_RapidILL_BOOK</setSpec><setSpec>uge_aaca_RapidILL_BOOK</setSpec><setSpec>uge_abels_RapidILL_BOOK</setSpec><setSpec>uge_dbu_RapidILL_BOOK</setSpec><setSpec>uge_cmu_RapidILL_BOOK</setSpec><setSpec>uge_mail_RapidILL_BOOK</setSpec><setSpec>uge_abbat_RapidILL_BOOK</setSpec><setSpec>UNIGE_ALL</setSpec><setSpec>uge_acar_RapidILL_BOOK</setSpec><setSpec>uge_aobs_RapidILL_BOOK</setSpec></header><metadata>
<record xmlns="http://www.loc.gov/MARC21/slim" xmlns:xsi="http://www.w3.org/2001/XMLSchema-instance" xsi:schemaLocation="http://www.loc.gov/MARC21/slim http://www.loc.gov/standards/marcxml/schema/MARC21slim.xsd"><leader>04424nam a2200937 c 4500</leader><controlfield tag="001">991000763869705502</controlfield><controlfield tag="005">20240308053832.0</controlfield><controlfield tag="008">201011s2014    sz            00| | ger  </controlfield><datafield ind1=" " ind2=" " tag="019"><subfield code="a">Notices analytiques</subfield><subfield code="5">RERO/iftaf-/12.2014</subfield></datafield><datafield ind1=" " ind2=" " tag="020"><subfield code="a">9783037516331</subfield><subfield code="q">Dike</subfield><subfield code="c">CHF 38.00</subfield></datafield><datafield ind1=" " ind2=" " tag="020"><subfield code="a">9783708911564</subfield><subfield code="q">facultas.wuv</subfield></datafield><datafield ind1=" " ind2=" " tag="020"><subfield code="a">9783848715701</subfield><subfield code="q">Nomos</subfield></datafield><datafield ind1=" " ind2=" " tag="035"><subfield code="a">(swissbib)212509608-41slsp_network</subfield></datafield><datafield ind1=" " ind2=" " tag="035"><subfield code="a">212509608</subfield><subfield code="9">ExL</subfield></datafield><datafield ind1=" " ind2=" " tag="035"><subfield code="a">(NEBIS)010164880EBI01</subfield></datafield><datafield ind1=" " ind2=" " tag="035"><subfield code="a">(IDSBB)006257929DSV01</subfield></datafield><datafield ind1=" " ind2=" " tag="035"><subfield code="a">(IDSLU)001191596ILU01</subfield></datafield><datafield ind1=" " ind2=" " tag="035"><subfield code="a">(IDSSG)000646856HSB01</subfield></datafield><datafield ind1=" " ind2=" " tag="035"><subfield code="a">(RERO)R007734512-41slsp</subfield></datafield><datafield ind1=" " ind2=" " tag="035"><subfield code="a">(ABN)000753358ABN01</subfield></datafield><datafield ind1=" " ind2=" " tag="035"><subfield code="a">(ALEX)bv9925810080801791</subfield></datafield><datafield ind1=" " ind2=" " tag="035"><subfield code="a">(EXLNZ-41SLSP_NETWORK)991105746809705501</subfield></datafield><datafield ind1=" " ind2=" " tag="040"><subfield code="a">SzZuIDS HSG</subfield><subfield code="d">CH-ZuSLS</subfield></datafield><datafield ind1=" " ind2=" " tag="044"><subfield code="a">sz</subfield><subfield code="a">au</subfield><subfield code="a">gw</subfield></datafield><datafield ind1=" " ind2="7" tag="072"><subfield code="a">rw</subfield><subfield code="2">SzZuIDS BS/BE</subfield></datafield><datafield ind1=" " ind2="7" tag="072"><subfield code="a">sp</subfield><subfield code="2">SzZuIDS BS/BE</subfield></datafield><datafield ind1=" " ind2="7" tag="072"><subfield code="a">822</subfield><subfield code="2">IDS LU</subfield></datafield><datafield ind1=" " ind2="7" tag="072"><subfield code="a">dr</subfield><subfield code="2">rero</subfield></datafield><datafield ind1="0" ind2="4" tag="082"><subfield code="a">340</subfield></datafield><datafield ind1="1" ind2="4" tag="082"><subfield code="a">340</subfield><subfield code="2">15</subfield></datafield><datafield ind1=" " ind2=" " tag="084"><subfield code="a">PD 3180</subfield><subfield code="2">rvk</subfield></datafield><datafield ind1=" " ind2=" " tag="084"><subfield code="a">A 61.2 g</subfield><subfield code="2">cjurrom</subfield></datafield><datafield ind1=" " ind2=" " tag="084"><subfield code="a">CA/CH 61.2 g</subfield><subfield code="2">cjurrom</subfield></datafield><datafield ind1="0" ind2="0" tag="245"><subfield code="a">&lt;&lt;Die&gt;&gt; FIFA Reform</subfield><subfield code="c">Mark Pieth (Hrsg.) ; [Peter Goldsmith ... et al.]</subfield></datafield><datafield ind1=" " ind2="1" tag="264"><subfield code="a">Zürich</subfield><subfield code="b">Dike</subfield><subfield code="c">2014</subfield></datafield><datafield ind1=" " ind2=" " tag="300"><subfield code="a">VII, 198 Seiten</subfield><subfield code="b">Illustrationen</subfield></datafield><datafield ind1=" " ind2=" " tag="336"><subfield code="b">txt</subfield><subfield code="2">rdacontent</subfield></datafield><datafield ind1=" " ind2=" " tag="337"><subfield code="b">n</subfield><subfield code="2">rdamedia</subfield></datafield><datafield ind1=" " ind2=" " tag="338"><subfield code="b">nc</subfield><subfield code="2">rdacarrier</subfield></datafield><datafield ind1=" " ind2=" " tag="500"><subfield code="a">Englischsprachige Ausgabe u.d.T.: Reforming FIFA. - Publ. in Kooperation mit d. Verlagen facultas.wuv, Wien u. Nomos, Baden-Baden</subfield></datafield><datafield ind1=" " ind2=" " tag="504"><subfield code="a">Literaturangaben</subfield></datafield><datafield ind1="8" ind2=" " tag="520"><subfield code="a">Betrifft auch Sepp Blatter</subfield><subfield code="5">RERO/vsbcvs/08.2015</subfield></datafield><datafield ind1="2" ind2="7" tag="610"><subfield code="a">FIFA</subfield><subfield code="0">(DE-588)210096-4</subfield><subfield code="2">gnd</subfield></datafield><datafield ind1="2" ind2="7" tag="610"><subfield code="a">Fédération internationale de football association</subfield><subfield code="0">(IDREF)026526921</subfield><subfield code="2">idref</subfield></datafield><datafield ind1="2" ind2="7" tag="610"><subfield code="a">Tribunal arbitral du sport</subfield><subfield code="0">(IDREF)090297490</subfield><subfield code="2">idref</subfield></datafield><datafield ind1=" " ind2="7" tag="650"><subfield code="a">Stakeholder</subfield><subfield code="0">(DE-588)4300861-6</subfield><subfield code="2">gnd</subfield></datafield><datafield ind1=" " ind2="7" tag="650"><subfield code="a">Fußball</subfield><subfield code="0">(DE-588)4018968-5</subfield><subfield code="2">gnd</subfield></datafield><datafield ind1=" " ind2="7" tag="650"><subfield code="a">Korruption</subfield><subfield code="0">(DE-588)4032524-6</subfield><subfield code="2">gnd</subfield></datafield><datafield ind1=" " ind2="7" tag="650"><subfield code="a">Sportverein</subfield><subfield code="0">(DE-588)4056433-2</subfield><subfield code="2">gnd</subfield></datafield><datafield ind1=" " ind2="7" tag="650"><subfield code="a">Governance</subfield><subfield code="0">(DE-588)4639012-1</subfield><subfield code="2">gnd</subfield></datafield><datafield ind1=" " ind2="7" tag="650"><subfield code="a">Reform</subfield><subfield code="0">(DE-588)4115716-3</subfield><subfield code="2">gnd</subfield></datafield><datafield ind1=" " ind2="7" tag="650"><subfield code="a">Corruption</subfield><subfield code="0">(IDREF)028236459</subfield><subfield code="2">idref</subfield></datafield><datafield ind1=" " ind2="7" tag="650"><subfield code="a">Gouvernance</subfield><subfield code="0">(IDREF)077318625</subfield><subfield code="2">idref</subfield></datafield><datafield ind1=" " ind2="7" tag="650"><subfield code="a">Sportverein</subfield><subfield code="9">ger</subfield><subfield code="0">(RERO)jurivoc000020706ger</subfield><subfield code="2">jurivoc</subfield></datafield><datafield ind1=" " ind2="7" tag="650"><subfield code="a">international</subfield><subfield code="9">ger</subfield><subfield code="0">(RERO)jurivoc000011874ger</subfield><subfield code="2">jurivoc</subfield></datafield><datafield ind1=" " ind2="7" tag="650"><subfield code="a">Fussball</subfield><subfield code="9">ger</subfield><subfield code="0">(RERO)jurivoc000008965ger</subfield><subfield code="2">jurivoc</subfield></datafield><datafield ind1=" " ind2="7" tag="650"><subfield code="a">Unternehmensführung</subfield><subfield code="9">ger</subfield><subfield code="0">(RERO)jurivoc000050220ger</subfield><subfield code="2">jurivoc</subfield></datafield><datafield ind1=" " ind2="7" tag="650"><subfield code="a">Sports</subfield><subfield code="0">(IDREF)027654702</subfield><subfield code="2">idref</subfield></datafield><datafield ind1=" " ind2="7" tag="650"><subfield code="a">Football</subfield><subfield code="0">(IDREF)027226212</subfield><subfield code="2">idref</subfield></datafield><datafield ind1=" " ind2="7" tag="650"><subfield code="a">Clubs sportifs</subfield><subfield code="0">(IDREF)027866998</subfield><subfield code="2">idref</subfield></datafield><datafield ind1=" " ind2="7" tag="650"><subfield code="a">Associations sans but lucratif</subfield><subfield code="0">(IDREF)027462862</subfield><subfield code="2">idref</subfield></datafield><datafield ind1=" " ind2="7" tag="650"><subfield code="a">Droit</subfield><subfield code="0">(IDREF)027466868</subfield><subfield code="2">idref</subfield></datafield><datafield ind1=" " ind2="7" tag="655"><subfield code="a">Aufsatzsammlung</subfield><subfield code="2">gnd-content</subfield></datafield><datafield ind1=" " ind2="7" tag="655"><subfield code="a">[Études diverses]</subfield><subfield code="0">(RERO)A022249905</subfield><subfield code="2">rero</subfield></datafield><datafield ind1=" " ind2=" " tag="690"><subfield code="a">Komitee[52]; Kommission[52]; Reform[52]; Goldsmith[14]; Auswirkung[7]; Biographie[7]; Einleitung[7]; Partizipation[7]; Bericht[5]; Staat[5]; Audit[4]; Autor[4]; Fl[4]; Perspektive[4]; Wandel[4]; Verband</subfield><subfield code="2">idssg-J</subfield></datafield><datafield ind1=" " ind2=" " tag="690"><subfield code="a">Compliancekommission; Exekutivkomitee; Abschlussbericht; Sitzstaat; Sportdachverband</subfield><subfield code="2">idssg-J</subfield></datafield><datafield ind1=" " ind2=" " tag="690"><subfield code="a">internationaler Sportdachverband; kultureller Wandel; nächster Schritt; unabhängig Governance; unabhängige Kommission; verantwortlich Unternehmensfiihrung</subfield><subfield code="2">idssg-J</subfield></datafield><datafield ind1=" " ind2=" " tag="690"><subfield code="a">Fl Nomos Lx IIfacultas; Guillermo Jorge Von Patronage; Leonardo Grosso; Lord Peter Goldsmith; Mark Pieth Einleitung Governing; Michael Hershman; Reform Mark Pieth Hrsg.; Schritt Kultureller Wandel</subfield><subfield code="2">idssg-J</subfield></datafield><datafield ind1=" " ind2=" " tag="690"><subfield code="a">FIFA - Verwaltung</subfield><subfield code="2">EHSM_d</subfield></datafield><datafield ind1=" " ind2=" " tag="690"><subfield code="a">FIFA - Gestion</subfield><subfield code="2">EHSM_f</subfield></datafield><datafield ind1=" " ind2=" " tag="691"><subfield code="e">PC 61.2</subfield><subfield code="2">rzs-L1</subfield></datafield><datafield ind1=" " ind2=" " tag="691"><subfield code="e">PD 37</subfield><subfield code="2">rzs-L1</subfield></datafield><datafield ind1="1" ind2=" " tag="700"><subfield code="6">880-02</subfield><subfield code="a">Goldsmith, Peter Henry</subfield><subfield code="c">Baron, Jurist</subfield><subfield code="d">1950-</subfield><subfield code="0">(DE-588)1089796862</subfield></datafield><datafield ind1="1" ind2=" " tag="880"><subfield code="6">700-02</subfield><subfield code="a">Goldsmith, Peter Henry</subfield><subfield code="c">Baron</subfield><subfield code="d">1950-</subfield><subfield code="0">(DE-588)1089796862</subfield></datafield><datafield ind1="1" ind2=" " tag="700"><subfield code="6">880-03</subfield><subfield code="a">Pieth, Mark</subfield><subfield code="d">1953-</subfield><subfield code="0">(DE-588)124746667</subfield></datafield><datafield ind1="1" ind2=" " tag="880"><subfield code="6">700-03</subfield><subfield code="a">Pieth, Mark</subfield><subfield code="d">1953-....</subfield><subfield code="0">(IDREF)103549250</subfield></datafield><datafield ind1="4" ind2=" " tag="856"><subfield code="3">Titelblatt und Inhaltsverzeichnis</subfield><subfield code="u">https://toc.library.ethz.ch/objects/pdf03/e19_978-3-8487-1570-1_01.pdf</subfield><subfield code="q">pdf</subfield></datafield><datafield ind1=" " ind2=" " tag="900"><subfield code="a">IDSE5E19ANH-2015</subfield></datafield><datafield ind1=" " ind2=" " tag="900"><subfield code="a">IDSZ1ZH</subfield></datafield><datafield ind1=" " ind2=" " tag="900"><subfield code="a">IDSZ2rwimon201406p</subfield><subfield code="c">IDSZ2buche 140617</subfield><subfield code="d">IDSZ2rwiswk201406g</subfield><subfield code="e">IDSZ2judu</subfield></datafield><datafield ind1=" " ind2=" " tag="900"><subfield code="a">IDSZ2zbzmon201508l</subfield><subfield code="c">IDSZ2knec</subfield><subfield code="d">IDSZ2zbzswk201512g</subfield><subfield code="e">IDSZ2bruu</subfield></datafield><datafield ind1=" " ind2=" " tag="949"><subfield code="a">https://toc.library.ethz.ch/objects/pdf03/e19_978-3-8487-1570-1_01.pdf</subfield></datafield></record>
</metadata></record>