<record><header><identifier>oai:alma.41SLSP_UGE:991000764119705502</identifier><datestamp>2023-06-07T00:11:06Z</datestamp><setSpec>uge_bcen_RapidILL_BOOK</setSpec><setSpec>uge_aaca_RapidILL_BOOK</setSpec><setSpec>uge_abels_RapidILL_BOOK</setSpec><setSpec>uge_dbu_RapidILL_BOOK</setSpec><setSpec>uge_cmu_RapidILL_BOOK</setSpec><setSpec>uge_mail_RapidILL_BOOK</setSpec><setSpec>uge_abbat_RapidILL_BOOK</setSpec><setSpec>UNIGE_ALL</setSpec><setSpec>uge_acar_RapidILL_BOOK</setSpec><setSpec>uge_aobs_RapidILL_BOOK</setSpec></header><metadata>
<record xmlns="http://www.loc.gov/MARC21/slim" xmlns:xsi="http://www.w3.org/2001/XMLSchema-instance" xsi:schemaLocation="http://www.loc.gov/MARC21/slim http://www.loc.gov/standards/marcxml/schema/MARC21slim.xsd"><leader>01290nam a2200301 c 4500</leader><controlfield tag="001">991000764119705502</controlfield><controlfield tag="005">20230606173029.0</controlfield><controlfield tag="008">000930s1999    fr ||||| |||| 00| ||fre d</controlfield><datafield ind1=" " ind2=" " tag="020"><subfield code="a">273847960X</subfield></datafield><datafield ind1=" " ind2=" " tag="035"><subfield code="a">(swissbib)094894671-41slsp_network</subfield></datafield><datafield ind1=" " ind2=" " tag="035"><subfield code="a">094894671</subfield><subfield code="9">ExL</subfield></datafield><datafield ind1=" " ind2=" " tag="035"><subfield code="a">(RERO)R257701760-41slsp</subfield></datafield><datafield ind1=" " ind2=" " tag="035"><subfield code="a">(EXLNZ-41SLSP_NETWORK)991100968349705501</subfield></datafield><datafield ind1=" " ind2=" " tag="040"><subfield code="a">RERO labcud</subfield><subfield code="d">CH-ZuSLS</subfield></datafield><datafield ind1=" " ind2="7" tag="072"><subfield code="a">pe</subfield><subfield code="2">rero</subfield></datafield><datafield ind1="1" ind2=" " tag="100"><subfield code="a">Harvey, Denis</subfield><subfield code="d">1953-....</subfield><subfield code="0">(IDREF)050728709</subfield><subfield code="4">cre</subfield></datafield><datafield ind1="1" ind2="0" tag="245"><subfield code="a">&lt;&lt;La&gt;&gt; multimédiatisation en éducation</subfield><subfield code="b">vers une multimédiatisation efficace des messages dans les systèmes d'apprentissage multimédia intéractif (SAMI)</subfield><subfield code="c">Denis Harvey ; préf. de Philippe Marton</subfield></datafield><datafield ind1=" " ind2="1" tag="264"><subfield code="a">Paris [etc.]</subfield><subfield code="b">L'Harmattan</subfield><subfield code="c">1999</subfield></datafield><datafield ind1=" " ind2=" " tag="300"><subfield code="a">93 p.</subfield><subfield code="b">ill.</subfield><subfield code="c">24 cm</subfield><subfield code="e">1 cd-rom</subfield></datafield><datafield ind1=" " ind2=" " tag="336"><subfield code="b">txt</subfield><subfield code="2">rdacontent</subfield></datafield><datafield ind1=" " ind2=" " tag="337"><subfield code="b">n</subfield><subfield code="2">rdamedia</subfield></datafield><datafield ind1=" " ind2=" " tag="338"><subfield code="b">nc</subfield><subfield code="2">rdacarrier</subfield></datafield><datafield ind1="1" ind2=" " tag="490"><subfield code="a">Education et formation. Série thèses et travaux universitaires</subfield></datafield><datafield ind1=" " ind2=" " tag="500"><subfield code="a">Sous-titre de la couv: Première thèse avec multimédia en langue française</subfield></datafield><datafield ind1=" " ind2="7" tag="650"><subfield code="a">Éducation</subfield><subfield code="0">(IDREF)027555100</subfield><subfield code="2">idref</subfield></datafield><datafield ind1=" " ind2="7" tag="650"><subfield code="a">Systèmes homme-machine</subfield><subfield code="0">(IDREF)027394115</subfield><subfield code="2">idref</subfield></datafield><datafield ind1=" " ind2="7" tag="650"><subfield code="a">Apprentissage</subfield><subfield code="0">(IDREF)130683035</subfield><subfield code="2">idref</subfield></datafield><datafield ind1=" " ind2="7" tag="650"><subfield code="a">Multimédias</subfield><subfield code="0">(IDREF)033475598</subfield><subfield code="2">idref</subfield></datafield><datafield ind1=" " ind2="0" tag="830"><subfield code="a">Education et formation</subfield><subfield code="p">INRP</subfield><subfield code="w">(RERO)1347907-41slsp</subfield></datafield></record>
</metadata></record>