<record><header><identifier>oai:alma.41SLSP_UGE:991000764429705502</identifier><datestamp>2023-03-03T01:07:27Z</datestamp><setSpec>uge_bcen_RapidILL_BOOK</setSpec><setSpec>uge_aaca_RapidILL_BOOK</setSpec><setSpec>uge_abels_RapidILL_BOOK</setSpec><setSpec>uge_dbu_RapidILL_BOOK</setSpec><setSpec>uge_cmu_RapidILL_BOOK</setSpec><setSpec>uge_mail_RapidILL_BOOK</setSpec><setSpec>uge_abbat_RapidILL_BOOK</setSpec><setSpec>UNIGE_ALL</setSpec><setSpec>uge_acar_RapidILL_BOOK</setSpec><setSpec>uge_aobs_RapidILL_BOOK</setSpec></header><metadata>
<record xmlns="http://www.loc.gov/MARC21/slim" xmlns:xsi="http://www.w3.org/2001/XMLSchema-instance" xsi:schemaLocation="http://www.loc.gov/MARC21/slim http://www.loc.gov/standards/marcxml/schema/MARC21slim.xsd"><leader>01518nam a2200421 c 4500</leader><controlfield tag="001">991000764429705502</controlfield><controlfield tag="005">20230302194030.0</controlfield><controlfield tag="008">201012s1991    it ||||| |||| 00| ||ita d</controlfield><datafield ind1=" " ind2=" " tag="020"><subfield code="a">8842038105</subfield></datafield><datafield ind1=" " ind2=" " tag="035"><subfield code="a">(swissbib)23996912X-41slsp_network</subfield></datafield><datafield ind1=" " ind2=" " tag="035"><subfield code="a">23996912X</subfield><subfield code="9">ExL</subfield></datafield><datafield ind1=" " ind2=" " tag="035"><subfield code="a">(RERO)1408942-41slsp</subfield></datafield><datafield ind1=" " ind2=" " tag="035"><subfield code="a">(SBT)000035057SBT01</subfield></datafield><datafield ind1=" " ind2=" " tag="035"><subfield code="a">(NEBIS)000601477EBI01</subfield></datafield><datafield ind1=" " ind2=" " tag="035"><subfield code="a">(EXLNZ-41SLSP_NETWORK)991031375609705501</subfield></datafield><datafield ind1=" " ind2=" " tag="040"><subfield code="a">RERO tibrb-</subfield><subfield code="d">CH-ZuSLS</subfield></datafield><datafield ind1=" " ind2="7" tag="072"><subfield code="a">at</subfield><subfield code="2">rero</subfield></datafield><datafield ind1="1" ind2=" " tag="100"><subfield code="a">Quilici, Vieri</subfield><subfield code="d">1935-....</subfield><subfield code="0">(IDREF)032770820</subfield><subfield code="4">cre</subfield></datafield><datafield ind1="1" ind2="0" tag="245"><subfield code="a">&lt;&lt;Il&gt;&gt; costruttivismo</subfield><subfield code="c">Vieri Quilici</subfield></datafield><datafield ind1=" " ind2="1" tag="264"><subfield code="a">Roma</subfield><subfield code="a">Bari</subfield><subfield code="b">Laterza</subfield><subfield code="c">1991</subfield></datafield><datafield ind1=" " ind2=" " tag="300"><subfield code="a">206 p.</subfield><subfield code="b">ill.</subfield><subfield code="c">24 cm</subfield></datafield><datafield ind1=" " ind2=" " tag="336"><subfield code="b">txt</subfield><subfield code="2">rdacontent</subfield></datafield><datafield ind1=" " ind2=" " tag="337"><subfield code="b">n</subfield><subfield code="2">rdamedia</subfield></datafield><datafield ind1=" " ind2=" " tag="338"><subfield code="b">nc</subfield><subfield code="2">rdacarrier</subfield></datafield><datafield ind1="1" ind2=" " tag="490"><subfield code="a">Guide all'architettura moderna</subfield></datafield><datafield ind1="1" ind2=" " tag="490"><subfield code="a">Grandi opere</subfield></datafield><datafield ind1=" " ind2="7" tag="650"><subfield code="a">constructivisme</subfield><subfield code="0">(RERO)A009950417</subfield><subfield code="2">rerovoc</subfield></datafield><datafield ind1=" " ind2="7" tag="650"><subfield code="a">Art russe</subfield><subfield code="0">(IDREF)027827852</subfield><subfield code="2">idref</subfield></datafield><datafield ind1=" " ind2="7" tag="650"><subfield code="a">Architecture russe</subfield><subfield code="0">(RERO)A023830775</subfield><subfield code="2">rero</subfield></datafield><datafield ind1=" " ind2="7" tag="650"><subfield code="a">ARCHITEKTUR</subfield><subfield code="9">ger</subfield><subfield code="0">(ETHUDK)000035449</subfield><subfield code="2">ethudk</subfield></datafield><datafield ind1=" " ind2="7" tag="650"><subfield code="a">KONSTRUKTIVISMUS (ARCHITEKTUR)</subfield><subfield code="9">ger</subfield><subfield code="0">(ETHUDK)000035517</subfield><subfield code="2">ethudk</subfield></datafield><datafield ind1=" " ind2="7" tag="650"><subfield code="a">SOWJETUNION (EURASIEN), 1917-1991</subfield><subfield code="9">ger</subfield><subfield code="0">(ETHUDK)000004153</subfield><subfield code="2">ethudk</subfield></datafield><datafield ind1=" " ind2="7" tag="650"><subfield code="a">ZWANZIGSTES JAHRHUNDERT N. CHR.</subfield><subfield code="9">ger</subfield><subfield code="0">(ETHUDK)000008907</subfield><subfield code="2">ethudk</subfield></datafield><datafield ind1=" " ind2="7" tag="650"><subfield code="a">&quot;1917/1933&quot;</subfield><subfield code="2">ethudk</subfield></datafield><datafield ind1=" " ind2=" " tag="691"><subfield code="e">720.036.1</subfield><subfield code="2">usi-TM</subfield></datafield><datafield ind1=" " ind2=" " tag="830"><subfield code="a">Grandi opere</subfield><subfield code="p">Laterza</subfield><subfield code="w">(SBT)000002282SBT01</subfield></datafield><datafield ind1=" " ind2=" " tag="830"><subfield code="a">Guide all'architettura moderna</subfield><subfield code="w">(RERO)0888691-41slsp</subfield></datafield><datafield ind1=" " ind2=" " tag="900"><subfield code="a">REROnoselfmerge</subfield></datafield><datafield ind1=" " ind2=" " tag="900"><subfield code="a">IDSE5E34ANH-2013</subfield></datafield></record>
</metadata></record>