<record><header><identifier>oai:alma.41SLSP_UGE:991000763689705502</identifier><datestamp>2023-03-01T01:09:40Z</datestamp><setSpec>uge_bcen_RapidILL_BOOK</setSpec><setSpec>uge_aaca_RapidILL_BOOK</setSpec><setSpec>uge_abels_RapidILL_BOOK</setSpec><setSpec>uge_dbu_RapidILL_BOOK</setSpec><setSpec>uge_cmu_RapidILL_BOOK</setSpec><setSpec>uge_mail_RapidILL_BOOK</setSpec><setSpec>UNIGE_ALL</setSpec><setSpec>uge_abbat_RapidILL_BOOK</setSpec><setSpec>uge_aobs_RapidILL_BOOK</setSpec><setSpec>uge_acar_RapidILL_BOOK</setSpec></header><metadata>
<record xmlns="http://www.loc.gov/MARC21/slim" xmlns:xsi="http://www.w3.org/2001/XMLSchema-instance" xsi:schemaLocation="http://www.loc.gov/MARC21/slim http://www.loc.gov/standards/marcxml/schema/MARC21slim.xsd"><leader>01833nam a2200433 c 4500</leader><controlfield tag="001">991000763689705502</controlfield><controlfield tag="005">20230224185210.0</controlfield><controlfield tag="008">201011s1986    xxua          001 0 eng  </controlfield><datafield ind1=" " ind2=" " tag="020"><subfield code="a">0155414704</subfield></datafield><datafield ind1=" " ind2=" " tag="035"><subfield code="a">(swissbib)217452078-41slsp_network</subfield></datafield><datafield ind1=" " ind2=" " tag="035"><subfield code="a">217452078</subfield><subfield code="9">ExL</subfield></datafield><datafield ind1=" " ind2=" " tag="035"><subfield code="a">(NEBIS)007718493EBI01</subfield></datafield><datafield ind1=" " ind2=" " tag="035"><subfield code="a">(RERO)1174660-41slsp</subfield></datafield><datafield ind1=" " ind2=" " tag="035"><subfield code="a">(IDSBB)001283891DSV01</subfield></datafield><datafield ind1=" " ind2=" " tag="035"><subfield code="a">(IDSSG)000149568HSB01</subfield></datafield><datafield ind1=" " ind2=" " tag="035"><subfield code="a">(EXLNZ-41SLSP_NETWORK)991145274779705501</subfield></datafield><datafield ind1=" " ind2=" " tag="040"><subfield code="a">SzZuIDS NEBIS UZH</subfield><subfield code="b">ger</subfield><subfield code="e">rda</subfield><subfield code="d">CH-ZuSLS</subfield></datafield><datafield ind1=" " ind2="7" tag="072"><subfield code="a">ps</subfield><subfield code="2">rero</subfield></datafield><datafield ind1=" " ind2="7" tag="072"><subfield code="a">ps</subfield><subfield code="2">SzZuIDS BS/BE</subfield></datafield><datafield ind1="1" ind2="4" tag="082"><subfield code="a">150</subfield><subfield code="2">15</subfield></datafield><datafield ind1=" " ind2=" " tag="084"><subfield code="a">CR 5000</subfield><subfield code="2">rvk</subfield></datafield><datafield ind1=" " ind2=" " tag="084"><subfield code="a">CS 3000</subfield><subfield code="2">rvk</subfield></datafield><datafield ind1="1" ind2=" " tag="100"><subfield code="a">Sternberg, Robert J.</subfield><subfield code="d">1949-</subfield><subfield code="6">880-01</subfield><subfield code="4">aut</subfield><subfield code="0">(DE-588)120038986</subfield></datafield><datafield ind1="1" ind2=" " tag="880"><subfield code="6">100-01</subfield><subfield code="a">Sternberg, Robert J.</subfield><subfield code="d">1949-....</subfield><subfield code="0">(IDREF)028347269</subfield><subfield code="4">cre</subfield></datafield><datafield ind1="1" ind2="0" tag="245"><subfield code="a">Intelligence applied</subfield><subfield code="b">understanding and increasing your intellectual skills</subfield><subfield code="c">Robert J. Sternberg ; under the general editorship of Jerome Kagan</subfield></datafield><datafield ind1=" " ind2="1" tag="264"><subfield code="a">San Diego, Calif.</subfield><subfield code="b">Harcourt Brace Jovanovich</subfield><subfield code="c">[1986]</subfield></datafield><datafield ind1=" " ind2=" " tag="300"><subfield code="a">ix, 358 Seiten</subfield><subfield code="b">Illustrationen</subfield></datafield><datafield ind1=" " ind2=" " tag="336"><subfield code="b">txt</subfield><subfield code="2">rdacontent</subfield></datafield><datafield ind1=" " ind2=" " tag="337"><subfield code="b">n</subfield><subfield code="2">rdamedia</subfield></datafield><datafield ind1=" " ind2=" " tag="338"><subfield code="b">nc</subfield><subfield code="2">rdacarrier</subfield></datafield><datafield ind1=" " ind2=" " tag="504"><subfield code="a">Literaturverzeichnis</subfield></datafield><datafield ind1=" " ind2="7" tag="650"><subfield code="a">Intelligence</subfield><subfield code="0">(IDREF)027235181</subfield><subfield code="2">idref</subfield></datafield><datafield ind1=" " ind2="7" tag="650"><subfield code="a">Intelligenz</subfield><subfield code="0">(DE-588)4027251-5</subfield><subfield code="2">gnd</subfield></datafield><datafield ind1=" " ind2="7" tag="650"><subfield code="a">Psychologie</subfield><subfield code="0">(DE-588)4047704-6</subfield><subfield code="2">gnd</subfield></datafield><datafield ind1=" " ind2="7" tag="655"><subfield code="a">Lehrbuch</subfield><subfield code="2">gnd-content</subfield></datafield><datafield ind1=" " ind2="7" tag="650"><subfield code="a">KOGNITIVE PSYCHOLOGIE</subfield><subfield code="9">ger</subfield><subfield code="0">(ETHUDK)000009560</subfield><subfield code="2">ethudk</subfield></datafield><datafield ind1=" " ind2="7" tag="650"><subfield code="a">KOGNITIVE ENTWICKLUNG + INTELLIGENZBILDUNG (ERZIEHUNG)</subfield><subfield code="9">ger</subfield><subfield code="0">(ETHUDK)000012032</subfield><subfield code="2">ethudk</subfield></datafield><datafield ind1=" " ind2="7" tag="650"><subfield code="a">KOGNITIVE NEUROLOGIE, INTELLIGENZ, KONZENTRATION, ASSOZIATIONS- UND VORSTELLUNGSFÄHIGKEIT, AUFMERKSAMKEIT (NEUROLOGIE)</subfield><subfield code="9">ger</subfield><subfield code="0">(ETHUDK)000026302</subfield><subfield code="2">ethudk</subfield></datafield><datafield ind1="1" ind2=" " tag="700"><subfield code="a">Kagan, Jerome</subfield><subfield code="d">1929-</subfield><subfield code="6">880-02</subfield><subfield code="0">(DE-588)131385844</subfield></datafield><datafield ind1="1" ind2=" " tag="880"><subfield code="6">700-02</subfield><subfield code="a">Kagan, Jerome</subfield><subfield code="d">1929-2021</subfield><subfield code="0">(IDREF)030548063</subfield><subfield code="4">edt</subfield></datafield></record>
</metadata></record>