<record><header><identifier>oai:alma.41SLSP_UGE:991000763999705502</identifier><datestamp>2023-04-11T00:13:31Z</datestamp><setSpec>uge_bcen_RapidILL_BOOK</setSpec><setSpec>uge_aaca_RapidILL_BOOK</setSpec><setSpec>uge_abels_RapidILL_BOOK</setSpec><setSpec>uge_dbu_RapidILL_BOOK</setSpec><setSpec>uge_cmu_RapidILL_BOOK</setSpec><setSpec>uge_mail_RapidILL_BOOK</setSpec><setSpec>uge_abbat_RapidILL_BOOK</setSpec><setSpec>UNIGE_ALL</setSpec><setSpec>uge_acar_RapidILL_BOOK</setSpec><setSpec>uge_aobs_RapidILL_BOOK</setSpec></header><metadata>
<record xmlns="http://www.loc.gov/MARC21/slim" xmlns:xsi="http://www.w3.org/2001/XMLSchema-instance" xsi:schemaLocation="http://www.loc.gov/MARC21/slim http://www.loc.gov/standards/marcxml/schema/MARC21slim.xsd"><leader>03547nam a2200493 c 4500</leader><controlfield tag="001">991000763999705502</controlfield><controlfield tag="005">20230410153825.0</controlfield><controlfield tag="008">180514s2018    ne ||||| |||| 00| ||eng d</controlfield><datafield ind1=" " ind2=" " tag="020"><subfield code="a">9789462652187</subfield><subfield code="q">hbk</subfield></datafield><datafield ind1=" " ind2=" " tag="035"><subfield code="a">(swissbib)124780784-41slsp_network</subfield></datafield><datafield ind1=" " ind2=" " tag="035"><subfield code="a">124780784</subfield><subfield code="9">ExL</subfield></datafield><datafield ind1=" " ind2=" " tag="035"><subfield code="a">(RERO)R008796852-41slsp</subfield></datafield><datafield ind1=" " ind2=" " tag="035"><subfield code="a">(EXLNZ-41SLSP_NETWORK)991092822379705501</subfield></datafield><datafield ind1=" " ind2=" " tag="040"><subfield code="a">GXR</subfield><subfield code="b">eng</subfield><subfield code="e">rda</subfield><subfield code="d">CH-ZuSLS</subfield></datafield><datafield ind1=" " ind2="4" tag="050"><subfield code="a">KZ7414</subfield><subfield code="b">.P58 2018</subfield></datafield><datafield ind1=" " ind2="7" tag="072"><subfield code="a">dr</subfield><subfield code="2">rero</subfield></datafield><datafield ind1=" " ind2=" " tag="084"><subfield code="a">D 19 h</subfield><subfield code="2">cjurrom</subfield></datafield><datafield ind1="1" ind2=" " tag="100"><subfield code="a">Pitcher, Kelly</subfield><subfield code="d">1981-....</subfield><subfield code="0">(IDREF)226584755</subfield><subfield code="4">cre</subfield></datafield><datafield ind1="1" ind2="0" tag="245"><subfield code="a">Judicial responses to pre-trial procedural violations in international criminal proceedings</subfield><subfield code="c">Kelly Pitcher</subfield></datafield><datafield ind1=" " ind2="1" tag="264"><subfield code="a">The Hague</subfield><subfield code="b">Asser Press</subfield><subfield code="a">Berlin</subfield><subfield code="b">Springer</subfield><subfield code="c">2018</subfield></datafield><datafield ind1=" " ind2=" " tag="300"><subfield code="a">567 p.</subfield></datafield><datafield ind1=" " ind2=" " tag="336"><subfield code="b">txt</subfield><subfield code="2">rdacontent</subfield></datafield><datafield ind1=" " ind2=" " tag="337"><subfield code="b">n</subfield><subfield code="2">rdamedia</subfield></datafield><datafield ind1=" " ind2=" " tag="338"><subfield code="b">nc</subfield><subfield code="2">rdacarrier</subfield></datafield><datafield ind1="1" ind2=" " tag="490"><subfield code="a">International criminal justice series</subfield><subfield code="v">vol. 16</subfield></datafield><datafield ind1=" " ind2=" " tag="500"><subfield code="a">Originally presented as the author's thesis (doctoral)--University of Amsterdam, 2016</subfield></datafield><datafield ind1=" " ind2=" " tag="504"><subfield code="a">Includes bibliographical references (pages 533-542) and index</subfield></datafield><datafield ind1="0" ind2=" " tag="505"><subfield code="a">Human Rights Framework -- Judicial Responses to Pre-Trial Procedural Violations in the Netherlands -- Judicial Responses to Pre-Trial Procedural Violations in England and Wales -- Law and Practice of the International Criminal Tribunals : General Overview -- Law and Practice of the International Criminal Tribunals : Specific Contexts -- Assessment of the International Criminal Tribunals' Law and Practice</subfield></datafield><datafield ind1="8" ind2=" " tag="520"><subfield code="a">&quot;This book provides an in-depth examination of the judicial response at the international criminal tribunals (ICTs) to the violation of procedural standards in the pre-trial phase of proceedings. It does so against the backdrop of the assumption that certain particularities of international criminal proceedings may warrant a different approach to the matter than at the national level. By reference to relevant human rights standards and to national criminal procedure, as well as to theoretical accounts of the judicial response to pre-trial procedural violations, this book assesses the ICTs' law and practice in this regard, thereby identifying points of concern and making suggestions for improvement. In doing so, it considers the most suitable rationale for responding to procedural violations committed in the pre-trial phase of international criminal proceedings and the merits of judicial discretion in this context, as well as the impact of certain particularities of such proceedings on the determination of how to address procedural violations&quot;--Back cover</subfield></datafield><datafield ind1=" " ind2="0" tag="650"><subfield code="a">Criminal procedure (International law)</subfield></datafield><datafield ind1=" " ind2="0" tag="650"><subfield code="a">Pre-trial procedure</subfield></datafield><datafield ind1=" " ind2="7" tag="650"><subfield code="a">Droit international pénal</subfield><subfield code="0">(IDREF)027771466</subfield><subfield code="2">idref</subfield></datafield><datafield ind1=" " ind2="7" tag="650"><subfield code="a">Défense (procédure internationale pénale)</subfield><subfield code="0">(IDREF)181031337</subfield><subfield code="2">idref</subfield></datafield><datafield ind1=" " ind2="7" tag="650"><subfield code="a">Procédure pénale (droit international)</subfield><subfield code="0">(IDREF)027887790</subfield><subfield code="2">idref</subfield></datafield><datafield ind1=" " ind2="7" tag="650"><subfield code="a">Droits de l'homme (droit international)</subfield><subfield code="0">(IDREF)027303209</subfield><subfield code="2">idref</subfield></datafield><datafield ind1=" " ind2="7" tag="650"><subfield code="a">Actes de procédure</subfield><subfield code="0">(IDREF)168745372</subfield><subfield code="2">idref</subfield></datafield><datafield ind1=" " ind2="7" tag="650"><subfield code="a">Droit comparé</subfield><subfield code="0">(IDREF)027741451</subfield><subfield code="2">idref</subfield></datafield><datafield ind1=" " ind2="7" tag="650"><subfield code="a">Droit pénal</subfield><subfield code="0">(IDREF)027466892</subfield><subfield code="2">idref</subfield></datafield><datafield ind1=" " ind2="7" tag="650"><subfield code="a">Tribunaux criminels internationaux</subfield><subfield code="0">(IDREF)034033076</subfield><subfield code="2">idref</subfield></datafield><datafield ind1=" " ind2="7" tag="651"><subfield code="a">Pays-Bas</subfield><subfield code="0">(IDREF)027252361</subfield><subfield code="2">idref</subfield></datafield><datafield ind1=" " ind2="7" tag="651"><subfield code="a">Grande-Bretagne</subfield><subfield code="0">(IDREF)027228231</subfield><subfield code="2">idref</subfield></datafield><datafield ind1=" " ind2="7" tag="655"><subfield code="a">Thèses et écrits académiques</subfield><subfield code="0">(IDREF)027253139</subfield><subfield code="2">idref</subfield></datafield><datafield ind1=" " ind2="0" tag="830"><subfield code="a">International criminal justice series</subfield><subfield code="v">16</subfield><subfield code="w">(RERO)R007935138-41slsp</subfield></datafield><datafield ind1=" " ind2=" " tag="900"><subfield code="a">REROnoselfmerge</subfield></datafield><datafield ind1=" " ind2=" " tag="910"><subfield code="a">OCoLC</subfield><subfield code="b">20180514</subfield><subfield code="c">Droits réservés</subfield></datafield></record>
</metadata></record>