<record><header><identifier>oai:alma.41SLSP_UGE:991000792249705502</identifier><datestamp>2023-03-01T01:09:42Z</datestamp><setSpec>uge_bcen_RapidILL_BOOK</setSpec><setSpec>uge_aaca_RapidILL_BOOK</setSpec><setSpec>uge_abels_RapidILL_BOOK</setSpec><setSpec>uge_dbu_RapidILL_BOOK</setSpec><setSpec>uge_cmu_RapidILL_BOOK</setSpec><setSpec>uge_mail_RapidILL_BOOK</setSpec><setSpec>UNIGE_ALL</setSpec><setSpec>uge_abbat_RapidILL_BOOK</setSpec><setSpec>uge_aobs_RapidILL_BOOK</setSpec><setSpec>uge_acar_RapidILL_BOOK</setSpec></header><metadata>
<record xmlns="http://www.loc.gov/MARC21/slim" xmlns:xsi="http://www.w3.org/2001/XMLSchema-instance" xsi:schemaLocation="http://www.loc.gov/MARC21/slim http://www.loc.gov/standards/marcxml/schema/MARC21slim.xsd"><leader>01381nam a2200289 c 4500</leader><controlfield tag="001">991000792249705502</controlfield><controlfield tag="005">20230117180715.0</controlfield><controlfield tag="008">090223s2007    xxu||||| |||| 00| ||eng d</controlfield><datafield ind1=" " ind2=" " tag="020"><subfield code="a">9781933751061</subfield><subfield code="q">MoCA</subfield></datafield><datafield ind1=" " ind2=" " tag="020"><subfield code="a">9780847830039</subfield><subfield code="q">Rizzoli</subfield><subfield code="c">USD 65.-</subfield></datafield><datafield ind1=" " ind2=" " tag="035"><subfield code="a">(swissbib)107742357-41slsp_network</subfield></datafield><datafield ind1=" " ind2=" " tag="035"><subfield code="a">107742357</subfield><subfield code="9">ExL</subfield></datafield><datafield ind1=" " ind2=" " tag="035"><subfield code="a">(RERO)R005004907-41slsp</subfield></datafield><datafield ind1=" " ind2=" " tag="035"><subfield code="a">(EXLNZ-41SLSP_NETWORK)991079739889705501</subfield></datafield><datafield ind1=" " ind2=" " tag="040"><subfield code="a">RERO geulha</subfield><subfield code="d">CH-ZuSLS</subfield></datafield><datafield ind1=" " ind2="7" tag="072"><subfield code="a">ba</subfield><subfield code="2">rero</subfield></datafield><datafield ind1="0" ind2="0" tag="245"><subfield code="a">© Murakami</subfield><subfield code="b">[Los Angeles, Museum of Contemporary Art, The Geffen Contemporary, 29 october 2007 - 11 february 2008 : Brooklyn N.Y., Museum of Art, 4 april - 13 july 2008 : Frankfurt, Museum für Moderne Kunst, september - december 2008 : Bilbao, Guggenheim Museum, february - may 2009]</subfield><subfield code="c">org. by Paul Schimmel ; essays by Dick Hebdige, Midori Matsui, Scott Rothkopf, Paul Schimmel, and Mika Yoshitake</subfield></datafield><datafield ind1="1" ind2=" " tag="246"><subfield code="a">Murakami</subfield></datafield><datafield ind1=" " ind2="1" tag="264"><subfield code="a">Los Angeles</subfield><subfield code="b">Museum of Contemporary Art</subfield><subfield code="a">New York</subfield><subfield code="b">Rizzoli</subfield><subfield code="c">2007</subfield></datafield><datafield ind1=" " ind2=" " tag="300"><subfield code="a">327 p. dont 4 dépl.</subfield><subfield code="b">ill. en noir et en couol.</subfield><subfield code="c">33 cm</subfield></datafield><datafield ind1=" " ind2=" " tag="336"><subfield code="b">txt</subfield><subfield code="2">rdacontent</subfield></datafield><datafield ind1=" " ind2=" " tag="337"><subfield code="b">n</subfield><subfield code="2">rdamedia</subfield></datafield><datafield ind1=" " ind2=" " tag="338"><subfield code="b">nc</subfield><subfield code="2">rdacarrier</subfield></datafield><datafield ind1="1" ind2="7" tag="600"><subfield code="a">Murakami, Takashi</subfield><subfield code="d">1962-....</subfield><subfield code="0">(IDREF)059661658</subfield><subfield code="2">idref</subfield></datafield><datafield ind1=" " ind2="7" tag="655"><subfield code="a">Catalogues d'exposition</subfield><subfield code="0">(IDREF)027320456</subfield><subfield code="2">idref</subfield></datafield><datafield ind1="1" ind2=" " tag="700"><subfield code="a">Murakami, Takashi</subfield><subfield code="d">1962-....</subfield><subfield code="0">(IDREF)059661658</subfield></datafield><datafield ind1="1" ind2=" " tag="700"><subfield code="a">Schimmel, Paul</subfield><subfield code="0">(RERO)A003796939</subfield></datafield><datafield ind1=" " ind2=" " tag="900"><subfield code="a">REROnoselfmerge</subfield></datafield><datafield ind1=" " ind2=" " tag="993"><subfield code="a">BFLB 27879</subfield><subfield code="x">ge/ulha/a/09/02</subfield><subfield code="9">LOCAL</subfield></datafield></record>
</metadata></record>