<record><header><identifier>oai:alma.41SLSP_UGE:991000792769705502</identifier><datestamp>2023-04-06T00:12:39Z</datestamp><setSpec>uge_bcen_RapidILL_BOOK</setSpec><setSpec>uge_aaca_RapidILL_BOOK</setSpec><setSpec>uge_abels_RapidILL_BOOK</setSpec><setSpec>uge_dbu_RapidILL_BOOK</setSpec><setSpec>uge_cmu_RapidILL_BOOK</setSpec><setSpec>uge_mail_RapidILL_BOOK</setSpec><setSpec>uge_abbat_RapidILL_BOOK</setSpec><setSpec>UNIGE_ALL</setSpec><setSpec>uge_acar_RapidILL_BOOK</setSpec><setSpec>uge_aobs_RapidILL_BOOK</setSpec></header><metadata>
<record xmlns="http://www.loc.gov/MARC21/slim" xmlns:xsi="http://www.w3.org/2001/XMLSchema-instance" xsi:schemaLocation="http://www.loc.gov/MARC21/slim http://www.loc.gov/standards/marcxml/schema/MARC21slim.xsd"><leader>03584nam a22007332c 4500</leader><controlfield tag="001">991000792769705502</controlfield><controlfield tag="005">20230405193616.0</controlfield><controlfield tag="008">201011r20111992xxk||||| |||| 00| ||eng d</controlfield><datafield ind1=" " ind2=" " tag="015"><subfield code="a">GBB064915</subfield><subfield code="2">bnb</subfield></datafield><datafield ind1="7" ind2=" " tag="016"><subfield code="a">015562136</subfield><subfield code="2">Uk</subfield></datafield><datafield ind1=" " ind2=" " tag="020"><subfield code="a">0415588197</subfield></datafield><datafield ind1=" " ind2=" " tag="020"><subfield code="a">9780415845441</subfield><subfield code="q">pbk.</subfield><subfield code="c">USD 44.95</subfield></datafield><datafield ind1=" " ind2=" " tag="020"><subfield code="a">9780415588195</subfield><subfield code="q">hbk.</subfield></datafield><datafield ind1=" " ind2=" " tag="020"><subfield code="a">9780203843970</subfield><subfield code="q">e-book</subfield></datafield><datafield ind1=" " ind2=" " tag="035"><subfield code="a">(swissbib)218131275-41slsp_network</subfield></datafield><datafield ind1=" " ind2=" " tag="035"><subfield code="a">218131275</subfield><subfield code="9">ExL</subfield></datafield><datafield ind1=" " ind2=" " tag="035"><subfield code="a">(RERO)R006359999-41slsp</subfield></datafield><datafield ind1=" " ind2=" " tag="035"><subfield code="a">(IDSLU)001089101ILU01</subfield></datafield><datafield ind1=" " ind2=" " tag="035"><subfield code="a">(IDSSG)000526051HSB01</subfield></datafield><datafield ind1=" " ind2=" " tag="035"><subfield code="a">(OCoLC)731801901</subfield></datafield><datafield ind1=" " ind2=" " tag="035"><subfield code="a">(OCoLC) ocn632081131</subfield></datafield><datafield ind1=" " ind2=" " tag="035"><subfield code="a">(EXLNZ-41SLSP_NETWORK)991159233439705501</subfield></datafield><datafield ind1=" " ind2=" " tag="040"><subfield code="a">SzZUIDS</subfield><subfield code="d">CH-ZuSLS</subfield></datafield><datafield ind1=" " ind2="7" tag="072"><subfield code="a">ss</subfield><subfield code="2">rero</subfield></datafield><datafield ind1=" " ind2="7" tag="072"><subfield code="a">250</subfield><subfield code="2">IDS LU</subfield></datafield><datafield ind1="0" ind2="4" tag="082"><subfield code="a">639.280952</subfield><subfield code="2">22</subfield></datafield><datafield ind1=" " ind2=" " tag="084"><subfield code="a">LC 21450</subfield><subfield code="2">rvk</subfield></datafield><datafield ind1="1" ind2=" " tag="100"><subfield code="a">Kalland, Arne</subfield><subfield code="d">1945-....</subfield><subfield code="0">(IDREF)028373456</subfield><subfield code="4">cre</subfield></datafield><datafield ind1="1" ind2="0" tag="245"><subfield code="a">Japanese whaling</subfield><subfield code="b">end of an era?</subfield><subfield code="c">Arne Kalland &amp; Brian Moeran</subfield></datafield><datafield ind1=" " ind2=" " tag="250"><subfield code="a">[Reprint]</subfield></datafield><datafield ind1=" " ind2="1" tag="264"><subfield code="a">London</subfield><subfield code="b">Routledge</subfield><subfield code="c">2011</subfield></datafield><datafield ind1=" " ind2=" " tag="300"><subfield code="a">228 S.</subfield><subfield code="b">Ill.</subfield><subfield code="c">24 cm</subfield></datafield><datafield ind1=" " ind2=" " tag="336"><subfield code="b">txt</subfield><subfield code="2">rdacontent</subfield></datafield><datafield ind1=" " ind2=" " tag="337"><subfield code="b">n</subfield><subfield code="2">rdamedia</subfield></datafield><datafield ind1=" " ind2=" " tag="338"><subfield code="b">nc</subfield><subfield code="2">rdacarrier</subfield></datafield><datafield ind1="1" ind2=" " tag="490"><subfield code="a">Routledge library editions. Japan</subfield><subfield code="v">Vol. 76</subfield></datafield><datafield ind1=" " ind2=" " tag="500"><subfield code="a">First published in 1992</subfield></datafield><datafield ind1=" " ind2=" " tag="500"><subfield code="a">Reproduction of the reprinted ed. by Curzon, Richmond, 1993</subfield></datafield><datafield ind1=" " ind2=" " tag="504"><subfield code="a">Includes bibliographical references (p. [208] - 218) and index</subfield></datafield><datafield ind1=" " ind2=" " tag="534"><subfield code="p">Reproduction de l'éd de:</subfield><subfield code="c">Richmond : Curzon Press, 1992</subfield></datafield><datafield ind1=" " ind2=" " tag="534"><subfield code="c">Richmond : Curzon Press, 1993</subfield></datafield><datafield ind1=" " ind2="7" tag="648"><subfield code="a">Geschichte</subfield><subfield code="2">gnd</subfield></datafield><datafield ind1=" " ind2="7" tag="650"><subfield code="a">Chasse</subfield><subfield code="0">(IDREF)027222616</subfield><subfield code="2">idref</subfield></datafield><datafield ind1=" " ind2="7" tag="650"><subfield code="a">Baleines</subfield><subfield code="0">(IDREF)027345874</subfield><subfield code="2">idref</subfield></datafield><datafield ind1=" " ind2="7" tag="650"><subfield code="a">Pêcheurs</subfield><subfield code="0">(IDREF)02735623X</subfield><subfield code="2">idref</subfield></datafield><datafield ind1=" " ind2="7" tag="650"><subfield code="a">Ethnologie</subfield><subfield code="0">(IDREF)02729661X</subfield><subfield code="2">idref</subfield></datafield><datafield ind1=" " ind2="7" tag="650"><subfield code="a">Walfänger</subfield><subfield code="0">(DE-588)4720979-3</subfield><subfield code="2">gnd</subfield></datafield><datafield ind1=" " ind2="7" tag="650"><subfield code="a">Dorf</subfield><subfield code="0">(DE-588)4012775-8</subfield><subfield code="2">gnd</subfield></datafield><datafield ind1=" " ind2="7" tag="650"><subfield code="a">Soziale Situation</subfield><subfield code="0">(DE-588)4077575-6</subfield><subfield code="2">gnd</subfield></datafield><datafield ind1=" " ind2="7" tag="650"><subfield code="a">Walfang</subfield><subfield code="0">(DE-588)4064438-8</subfield><subfield code="2">gnd</subfield></datafield><datafield ind1=" " ind2="7" tag="650"><subfield code="a">Wirtschaftssoziologie</subfield><subfield code="0">(DE-588)4066514-8</subfield><subfield code="2">gnd</subfield></datafield><datafield ind1=" " ind2="7" tag="651"><subfield code="a">Japon</subfield><subfield code="0">(IDREF)027262162</subfield><subfield code="2">idref</subfield></datafield><datafield ind1=" " ind2="7" tag="651"><subfield code="a">Japan</subfield><subfield code="0">(DE-588)4028495-5</subfield><subfield code="2">gnd</subfield></datafield><datafield ind1=" " ind2=" " tag="690"><subfield code="a">Whale community ; Data table ; Wife ; Gunner ; Portrait ; Boat owner ; Era ; Type ; Work organization ; Migrant worker ; Den ; Staging ; Stage ; Craftsman ; Croup ; Resettlement ; Japan ; Local community ; Whaler ; Whale company ; Kanji ; Netting ; Net ; Contrast ; History ; Company ; Similitude ; Linkage ; Implication ; Village ; Whale meat ; Whale food ; Belief ; Developmental trend ; Company culture ; Diffusion ; Knowledge ; Moratorium ; Village economy ; Bibliography ; Ritual ; Nationalism</subfield><subfield code="2">idssg-J</subfield></datafield><datafield ind1=" " ind2=" " tag="690"><subfield code="a">NEW YORK; Japanese Whaling; American Method; Norwegian Method; Coastal Whaling; Local Workers; Non-Commercial Distribution</subfield><subfield code="2">idssg-J</subfield></datafield><datafield ind1=" " ind2=" " tag="690"><subfield code="a">Japan [100]; London [100]; New York [100]</subfield><subfield code="2">idssg-J</subfield></datafield><datafield ind1=" " ind2=" " tag="690"><subfield code="a">KALLAND; MOERAN; outledge; vi; Abashiri; Ayukawa; Wadaura; Taiji; Ukushima; Arikawa; Noriko; Tokunaga; Yasuhiko; Kimura; Nakamura; Shimoda; Tamekichi; Flenser; Sasaki; Reisuke; Pelagic; vthe; Tokugawa; Paternalistic; KALLAND; MOERAN</subfield><subfield code="2">idssg-J</subfield></datafield><datafield ind1="1" ind2=" " tag="700"><subfield code="a">Moeran, Brian</subfield><subfield code="d">1944-</subfield><subfield code="0">(DE-588)171403436</subfield><subfield code="6">880-02</subfield></datafield><datafield ind1="1" ind2=" " tag="880"><subfield code="6">700-02</subfield><subfield code="a">Moeran, Brian</subfield><subfield code="d">1944-....</subfield><subfield code="0">(IDREF)030675138</subfield></datafield><datafield ind1="4" ind2=" " tag="856"><subfield code="3">Inhaltsverzeichnis</subfield><subfield code="u">http://www.ub.unibas.ch/tox/IDSLUZ/001089101/PDF</subfield><subfield code="q">pdf</subfield></datafield><datafield ind1=" " ind2=" " tag="830"><subfield code="a">Routledge library editions</subfield><subfield code="p">Japan</subfield><subfield code="v">76</subfield><subfield code="w">(RERO)R008335823-41slsp</subfield></datafield><datafield ind1=" " ind2=" " tag="830"><subfield code="a">Routledge library editions</subfield><subfield code="p">Japan</subfield><subfield code="v">76</subfield><subfield code="w">(IDSSG)000519388HSB01</subfield></datafield><datafield ind1=" " ind2=" " tag="900"><subfield code="a">REROnoselfmerge</subfield></datafield><datafield ind1=" " ind2=" " tag="910"><subfield code="a">OCoLC</subfield><subfield code="b">20111214</subfield><subfield code="c">Droits réservés</subfield></datafield><datafield ind1=" " ind2=" " tag="949"><subfield code="a">http://www.ub.unibas.ch/tox/IDSLUZ/001089101/PDF</subfield></datafield></record>
</metadata></record>