<record><header><identifier>oai:alma.41SLSP_UGE:991000792669705502</identifier><datestamp>2023-03-01T01:09:42Z</datestamp><setSpec>uge_bcen_RapidILL_BOOK</setSpec><setSpec>uge_aaca_RapidILL_BOOK</setSpec><setSpec>uge_abels_RapidILL_BOOK</setSpec><setSpec>uge_dbu_RapidILL_BOOK</setSpec><setSpec>uge_cmu_RapidILL_BOOK</setSpec><setSpec>uge_mail_RapidILL_BOOK</setSpec><setSpec>UNIGE_ALL</setSpec><setSpec>uge_abbat_RapidILL_BOOK</setSpec><setSpec>uge_acar_RapidILL_BOOK</setSpec><setSpec>uge_aobs_RapidILL_BOOK</setSpec></header><metadata>
<record xmlns="http://www.loc.gov/MARC21/slim" xmlns:xsi="http://www.w3.org/2001/XMLSchema-instance" xsi:schemaLocation="http://www.loc.gov/MARC21/slim http://www.loc.gov/standards/marcxml/schema/MARC21slim.xsd"><leader>02020nam a2200493uc 4500</leader><controlfield tag="001">991000792669705502</controlfield><controlfield tag="005">20201126044148.0</controlfield><controlfield tag="008">201011s1983    is            00| | eng|d</controlfield><datafield ind1=" " ind2=" " tag="020"><subfield code="a">9652235016</subfield></datafield><datafield ind1=" " ind2=" " tag="035"><subfield code="a">(swissbib)227925289-41slsp_network</subfield></datafield><datafield ind1=" " ind2=" " tag="035"><subfield code="a">227925289</subfield><subfield code="9">ExL</subfield></datafield><datafield ind1=" " ind2=" " tag="035"><subfield code="a">(NEBIS)001580862EBI01</subfield></datafield><datafield ind1=" " ind2=" " tag="035"><subfield code="a">(RERO)1088323-41slsp</subfield></datafield><datafield ind1=" " ind2=" " tag="035"><subfield code="a">(EXLNZ-41SLSP_NETWORK)991048843819705501</subfield></datafield><datafield ind1=" " ind2=" " tag="040"><subfield code="a">ZBZ</subfield><subfield code="b">ger</subfield><subfield code="e">ETHICS-ISBD</subfield><subfield code="d">CH-ZuSLS</subfield></datafield><datafield ind1=" " ind2="7" tag="072"><subfield code="a">hm</subfield><subfield code="2">rero</subfield></datafield><datafield ind1="0" ind2="4" tag="082"><subfield code="a">956 .01</subfield><subfield code="2">19</subfield></datafield><datafield ind1="0" ind2="4" tag="082"><subfield code="a">956/.01</subfield><subfield code="2">19</subfield></datafield><datafield ind1="1" ind2=" " tag="100"><subfield code="a">Sharon, Moshe</subfield><subfield code="d">1937-....</subfield><subfield code="0">(IDREF)028478266</subfield><subfield code="4">cre</subfield></datafield><datafield ind1="1" ind2="0" tag="245"><subfield code="a">&lt;&lt;The&gt;&gt; establishment of the ʿAbbāsid State</subfield><subfield code="b">incubation of a revolt</subfield><subfield code="c">by Moshe Sharon</subfield></datafield><datafield ind1=" " ind2="1" tag="264"><subfield code="a">Jerusalem</subfield><subfield code="b">Magnes Press</subfield><subfield code="c">1983</subfield></datafield><datafield ind1=" " ind2=" " tag="300"><subfield code="a">265 p.</subfield><subfield code="b">ill.</subfield><subfield code="c">23 cm</subfield></datafield><datafield ind1=" " ind2=" " tag="336"><subfield code="b">txt</subfield><subfield code="2">rdacontent</subfield></datafield><datafield ind1=" " ind2=" " tag="337"><subfield code="b">n</subfield><subfield code="2">rdamedia</subfield></datafield><datafield ind1=" " ind2=" " tag="338"><subfield code="b">nc</subfield><subfield code="2">rdacarrier</subfield></datafield><datafield ind1="1" ind2=" " tag="490"><subfield code="a">Black Banners from the East</subfield><subfield code="v">[vol. 1]</subfield></datafield><datafield ind1="1" ind2=" " tag="490"><subfield code="a">The Max Schloessinger memorial series. Monographs</subfield><subfield code="v">2</subfield></datafield><datafield ind1=" " ind2=" " tag="500"><subfield code="a">Oben auf der Titelseite: Institute of Asian and African Studies, The Hebrew University of Jerusalem</subfield></datafield><datafield ind1="0" ind2="7" tag="600"><subfield code="a">Abbasiden</subfield><subfield code="d">749-1258</subfield><subfield code="0">(DE-588)118830147</subfield><subfield code="2">gnd</subfield></datafield><datafield ind1=" " ind2="7" tag="648"><subfield code="a">Geschichte 747-754</subfield><subfield code="2">gnd</subfield></datafield><datafield ind1=" " ind2="7" tag="650"><subfield code="a">Geschichte</subfield><subfield code="0">(DE-588)4020517-4</subfield><subfield code="2">gnd</subfield></datafield><datafield ind1=" " ind2="7" tag="650"><subfield code="a">Gott</subfield><subfield code="0">(DE-588)4021662-7</subfield><subfield code="2">gnd</subfield></datafield><datafield ind1=" " ind2="7" tag="650"><subfield code="a">Gründung</subfield><subfield code="0">(DE-588)4020642-7</subfield><subfield code="2">gnd</subfield></datafield><datafield ind1=" " ind2="7" tag="650"><subfield code="a">Staat</subfield><subfield code="0">(DE-588)4056618-3</subfield><subfield code="2">gnd</subfield></datafield><datafield ind1=" " ind2="0" tag="650"><subfield code="a">Abbasids</subfield><subfield code="x">History</subfield></datafield><datafield ind1=" " ind2="7" tag="651"><subfield code="a">Abbasidenreich</subfield><subfield code="0">(DE-588)4221900-0</subfield><subfield code="2">gnd</subfield></datafield><datafield ind1=" " ind2="0" tag="651"><subfield code="a">Islamic Empire</subfield><subfield code="x">History</subfield><subfield code="y">661-750</subfield></datafield><datafield ind1=" " ind2=" " tag="690"><subfield code="a">Abbasiden</subfield><subfield code="2">uzb-Z9</subfield></datafield><datafield ind1=" " ind2=" " tag="690"><subfield code="a">Islam / Bibliographien / Einzelne Zeiträume</subfield><subfield code="2">uzb-Z9</subfield></datafield><datafield ind1="2" ind2=" " tag="710"><subfield code="a">Hebrew University of Jerusalem</subfield><subfield code="b">Institute of Asian and African Studies</subfield><subfield code="0">(DE-588)1087302641</subfield></datafield><datafield ind1="1" ind2=" " tag="800"><subfield code="a">Sharon, Moshe</subfield><subfield code="t">Black Banners from the East</subfield><subfield code="v">1</subfield><subfield code="w">(NEBIS)001580664EBI01</subfield></datafield><datafield ind1="1" ind2=" " tag="800"><subfield code="a">Sharon, Moshe</subfield><subfield code="t">Black banners from the East</subfield><subfield code="v">1</subfield><subfield code="w">(RERO)1775736-41slsp</subfield></datafield><datafield ind1=" " ind2=" " tag="830"><subfield code="a">&lt;&lt;The&gt;&gt; Max Schloessinger memorial series</subfield><subfield code="p">Monographs</subfield><subfield code="v">2</subfield><subfield code="w">(NEBIS)001522284EBI01</subfield></datafield><datafield ind1=" " ind2=" " tag="900"><subfield code="a">IDSZRMedeaZBZ</subfield><subfield code="b">IDSZRAufnahme</subfield></datafield><datafield ind1=" " ind2=" " tag="900"><subfield code="a">REROnoselfmerge</subfield></datafield></record>
</metadata></record>