<record><header><identifier>oai:alma.41SLSP_UGE:991000792459705502</identifier><datestamp>2023-11-24T01:25:12Z</datestamp><setSpec>uge_bcen_RapidILL_BOOK</setSpec><setSpec>uge_aaca_RapidILL_BOOK</setSpec><setSpec>uge_abels_RapidILL_BOOK</setSpec><setSpec>uge_dbu_RapidILL_BOOK</setSpec><setSpec>uge_cmu_RapidILL_BOOK</setSpec><setSpec>uge_mail_RapidILL_BOOK</setSpec><setSpec>uge_abbat_RapidILL_BOOK</setSpec><setSpec>UNIGE_ALL</setSpec><setSpec>uge_acar_RapidILL_BOOK</setSpec><setSpec>uge_aobs_RapidILL_BOOK</setSpec></header><metadata>
<record xmlns="http://www.loc.gov/MARC21/slim" xmlns:xsi="http://www.w3.org/2001/XMLSchema-instance" xsi:schemaLocation="http://www.loc.gov/MARC21/slim http://www.loc.gov/standards/marcxml/schema/MARC21slim.xsd"><leader>02230naa a2200385 c 4500</leader><controlfield tag="001">991000792459705502</controlfield><controlfield tag="005">20230629192108.0</controlfield><controlfield tag="008">010907s2000    sz ||||| |||| 00| ||ger d</controlfield><datafield ind1=" " ind2=" " tag="035"><subfield code="a">(swissbib)09712401X-41slsp_network</subfield></datafield><datafield ind1=" " ind2=" " tag="035"><subfield code="a">09712401X</subfield><subfield code="9">ExL</subfield></datafield><datafield ind1=" " ind2=" " tag="035"><subfield code="a">(RERO)R003087524-41slsp</subfield></datafield><datafield ind1=" " ind2=" " tag="035"><subfield code="a">(ALEX)bv80073233</subfield></datafield><datafield ind1=" " ind2=" " tag="035"><subfield code="a">(EXLNZ-41SLSP_NETWORK)991016691699705501</subfield></datafield><datafield ind1=" " ind2=" " tag="040"><subfield code="a">RERO frbcuc</subfield><subfield code="d">CH-ZuSLS</subfield></datafield><datafield ind1=" " ind2=" " tag="044"><subfield code="a">sz</subfield><subfield code="c">ch-be</subfield></datafield><datafield ind1=" " ind2="7" tag="072"><subfield code="a">dr</subfield><subfield code="2">rero</subfield></datafield><datafield ind1=" " ind2=" " tag="084"><subfield code="a">A 38 i</subfield><subfield code="2">cjurrom</subfield></datafield><datafield ind1=" " ind2=" " tag="084"><subfield code="a">A 59 i</subfield><subfield code="2">cjurrom</subfield></datafield><datafield ind1="1" ind2=" " tag="100"><subfield code="a">Lötscher, Andreas</subfield><subfield code="0">(IDREF)02940682X</subfield><subfield code="4">cre</subfield></datafield><datafield ind1="1" ind2="0" tag="245"><subfield code="a">&quot;Würde der Kreatur&quot;, &quot;intégrité des organismes vivants&quot;</subfield><subfield code="b">sprachanalytische Beobachtungen zu Bedeutung und Auslegung zweier umstrittener Ausdrücke</subfield><subfield code="c">Andreas Lötscher</subfield></datafield><datafield ind1=" " ind2=" " tag="336"><subfield code="b">txt</subfield><subfield code="2">rdacontent</subfield></datafield><datafield ind1=" " ind2=" " tag="337"><subfield code="b">n</subfield><subfield code="2">rdamedia</subfield></datafield><datafield ind1=" " ind2=" " tag="338"><subfield code="b">nc</subfield><subfield code="2">rdacarrier</subfield></datafield><datafield ind1=" " ind2=" " tag="500"><subfield code="a">Résumé en français</subfield></datafield><datafield ind1=" " ind2=" " tag="504"><subfield code="a">Literaturverzeichnis</subfield></datafield><datafield ind1=" " ind2=" " tag="580"><subfield code="a">In: LeGes : Gesetzgebung &amp; Evaluation. - Bern. - Jg. 11(2000), H. 2, S. 137-156</subfield></datafield><datafield ind1=" " ind2="7" tag="650"><subfield code="a">Gentechnologie</subfield><subfield code="9">ger</subfield><subfield code="0">(RERO)jurivoc000009561ger</subfield><subfield code="2">jurivoc</subfield></datafield><datafield ind1=" " ind2="7" tag="650"><subfield code="a">Tier</subfield><subfield code="9">ger</subfield><subfield code="0">(RERO)jurivoc000022474ger</subfield><subfield code="2">jurivoc</subfield></datafield><datafield ind1=" " ind2="7" tag="650"><subfield code="a">Recht und Moral</subfield><subfield code="9">ger</subfield><subfield code="0">(RERO)jurivoc000018288ger</subfield><subfield code="2">jurivoc</subfield></datafield><datafield ind1=" " ind2="7" tag="650"><subfield code="a">Würde der Kreatur</subfield><subfield code="9">ger</subfield><subfield code="0">(RERO)jurivoc000026880ger</subfield><subfield code="2">jurivoc</subfield></datafield><datafield ind1=" " ind2="7" tag="650"><subfield code="a">Dignité humaine</subfield><subfield code="0">(IDREF)027847594</subfield><subfield code="2">idref</subfield></datafield><datafield ind1=" " ind2="7" tag="650"><subfield code="a">Droit</subfield><subfield code="0">(IDREF)027466868</subfield><subfield code="2">idref</subfield></datafield><datafield ind1=" " ind2="7" tag="650"><subfield code="a">Morale</subfield><subfield code="0">(IDREF)027790029</subfield><subfield code="2">idref</subfield></datafield><datafield ind1=" " ind2="7" tag="650"><subfield code="a">Animaux</subfield><subfield code="0">(IDREF)027243745</subfield><subfield code="2">idref</subfield></datafield><datafield ind1=" " ind2="7" tag="650"><subfield code="a">Protection</subfield><subfield code="0">(IDREF)027790150</subfield><subfield code="2">idref</subfield></datafield><datafield ind1=" " ind2="7" tag="651"><subfield code="a">Schweiz</subfield><subfield code="9">ger</subfield><subfield code="0">(RERO)jurivoc000019912ger</subfield><subfield code="2">jurivoc</subfield></datafield><datafield ind1="0" ind2=" " tag="773"><subfield code="t">LeGes : Gesetzgebung &amp; Evaluation : ... Jahrgang des Mitteilungsblattes der Schweizerischen Gesellschaft für Gesetzgebung (SGG) und der Schweizerischen Evaluationsgesellschaft (SEVAL) = Législation &amp; évaluation : ... année du bulletin de la Société suisse de législation (SSL) et de la Société suisse d'évaluation (SEVAL) = Legislazione &amp; valutazione : anno ... del bollettino della Società svizzera di legislazione (SSL) e della Società svizzera di valutazione (SEVAL) = Legislaziun &amp; evaluaziun : ... annada dal bulletin de la Societad svizra da legislaziun (SSL) e de la Societad svizra d'evaluaziun (SEVAL)</subfield><subfield code="g">2000/2/137</subfield><subfield code="g">yr:2000</subfield><subfield code="w">(RERO)R269577160-41slsp</subfield></datafield></record>
</metadata></record>