<record><header><identifier>oai:alma.41SLSP_UGE:991000792129705502</identifier><datestamp>2023-03-01T01:09:42Z</datestamp><setSpec>uge_bcen_RapidILL_BOOK</setSpec><setSpec>uge_aaca_RapidILL_BOOK</setSpec><setSpec>uge_abels_RapidILL_BOOK</setSpec><setSpec>uge_dbu_RapidILL_BOOK</setSpec><setSpec>uge_cmu_RapidILL_BOOK</setSpec><setSpec>uge_mail_RapidILL_BOOK</setSpec><setSpec>UNIGE_ALL</setSpec><setSpec>uge_abbat_RapidILL_BOOK</setSpec><setSpec>uge_aobs_RapidILL_BOOK</setSpec><setSpec>uge_acar_RapidILL_BOOK</setSpec></header><metadata>
<record xmlns="http://www.loc.gov/MARC21/slim" xmlns:xsi="http://www.w3.org/2001/XMLSchema-instance" xsi:schemaLocation="http://www.loc.gov/MARC21/slim http://www.loc.gov/standards/marcxml/schema/MARC21slim.xsd"><leader>01601nam a2200397 c 4500</leader><controlfield tag="001">991000792129705502</controlfield><controlfield tag="005">20210207113142.0</controlfield><controlfield tag="008">201011s1975    ne ||||| m||| 00| ||eng d</controlfield><datafield ind1=" " ind2=" " tag="019"><subfield code="a">SPI Retro 900388</subfield></datafield><datafield ind1=" " ind2=" " tag="035"><subfield code="a">(swissbib)213927985-41slsp_network</subfield></datafield><datafield ind1=" " ind2=" " tag="035"><subfield code="a">213927985</subfield><subfield code="9">ExL</subfield></datafield><datafield ind1=" " ind2=" " tag="035"><subfield code="a">(RERO)R236722360-41slsp</subfield></datafield><datafield ind1=" " ind2=" " tag="035"><subfield code="a">(NEBIS)001375419EBI01</subfield></datafield><datafield ind1=" " ind2=" " tag="035"><subfield code="a">(IDSBB)002044673DSV01</subfield></datafield><datafield ind1=" " ind2=" " tag="035"><subfield code="a">(EXLNZ-41SLSP_NETWORK)991135558269705501</subfield></datafield><datafield ind1=" " ind2=" " tag="040"><subfield code="a">RERO geusst</subfield><subfield code="d">CH-ZuSLS</subfield></datafield><datafield ind1=" " ind2="7" tag="072"><subfield code="a">st</subfield><subfield code="2">rero</subfield></datafield><datafield ind1="1" ind2=" " tag="100"><subfield code="a">Westerhof, Aenaeus Bernardus</subfield><subfield code="0">(IDREF)161743668</subfield><subfield code="4">cre</subfield></datafield><datafield ind1="1" ind2="0" tag="245"><subfield code="a">Genesis of magnetite ore near Marbella, Southern Spain</subfield><subfield code="b">formation by oxidation of silicates in polymetamorphic gedrite-bearing and other rocks</subfield><subfield code="c">Aenaeus Bernardus Westerhof</subfield></datafield><datafield ind1=" " ind2="1" tag="264"><subfield code="a">Amsterdam</subfield><subfield code="b">GUA</subfield><subfield code="a">Utrecht</subfield><subfield code="b">Elinkwijk</subfield><subfield code="c">1975</subfield></datafield><datafield ind1=" " ind2=" " tag="300"><subfield code="a">216 p.</subfield><subfield code="b">ill.</subfield><subfield code="c">25 cm</subfield><subfield code="e">1 carte</subfield></datafield><datafield ind1=" " ind2=" " tag="336"><subfield code="b">txt</subfield><subfield code="2">rdacontent</subfield></datafield><datafield ind1=" " ind2=" " tag="337"><subfield code="b">n</subfield><subfield code="2">rdamedia</subfield></datafield><datafield ind1=" " ind2=" " tag="338"><subfield code="b">nc</subfield><subfield code="2">rdacarrier</subfield></datafield><datafield ind1="1" ind2=" " tag="490"><subfield code="a">GUA papers of geology. Series 1</subfield><subfield code="v">no. 6</subfield></datafield><datafield ind1=" " ind2=" " tag="502"><subfield code="a">Th. Uni. Amsterdam, 1975</subfield></datafield><datafield ind1="0" ind2="0" tag="505"><subfield code="g">Karte</subfield><subfield code="t">Geological map of the &quot;Mina la Conceoción&quot; area near Marbella, southern Spain</subfield></datafield><datafield ind1=" " ind2="7" tag="650"><subfield code="a">Magnetit</subfield><subfield code="0">(DE-588)4114488-0</subfield><subfield code="2">gnd</subfield></datafield><datafield ind1=" " ind2="0" tag="650"><subfield code="a">Magnetite</subfield><subfield code="z">Spain</subfield><subfield code="z">Málaga (Province)</subfield></datafield><datafield ind1=" " ind2="0" tag="650"><subfield code="a">Metamorphic rocks</subfield></datafield><datafield ind1=" " ind2="0" tag="650"><subfield code="a">Silicates</subfield><subfield code="z">Spain</subfield><subfield code="z">Málaga (Province)</subfield></datafield><datafield ind1=" " ind2="7" tag="651"><subfield code="a">Marbella</subfield><subfield code="0">(DE-588)4132923-5</subfield><subfield code="2">gnd</subfield></datafield><datafield ind1=" " ind2="7" tag="655"><subfield code="a">Hochschulschrift</subfield><subfield code="2">gnd-content</subfield></datafield><datafield ind1=" " ind2="0" tag="830"><subfield code="a">Geologische uitgaven Amsterdam papers of geology</subfield><subfield code="p">Series 1</subfield><subfield code="v">6</subfield><subfield code="w">(IDSBB)000394218DSV01</subfield></datafield><datafield ind1=" " ind2="0" tag="830"><subfield code="a">GUA papers of geology</subfield><subfield code="n">Series 1</subfield><subfield code="v">6</subfield><subfield code="w">(NEBIS)000023394EBI01</subfield></datafield><datafield ind1=" " ind2=" " tag="900"><subfield code="a">REROnoselfmerge</subfield></datafield><datafield ind1=" " ind2=" " tag="900"><subfield code="a">IDSERSPIdummy</subfield></datafield></record>
</metadata></record>