<record><header><identifier>oai:alma.41SLSP_UGE:991000792239705502</identifier><datestamp>2023-03-04T01:29:48Z</datestamp><setSpec>uge_bcen_RapidILL_BOOK</setSpec><setSpec>uge_aaca_RapidILL_BOOK</setSpec><setSpec>uge_abels_RapidILL_BOOK</setSpec><setSpec>uge_dbu_RapidILL_BOOK</setSpec><setSpec>uge_cmu_RapidILL_BOOK</setSpec><setSpec>uge_mail_RapidILL_BOOK</setSpec><setSpec>uge_abbat_RapidILL_BOOK</setSpec><setSpec>UNIGE_ALL</setSpec><setSpec>uge_aobs_RapidILL_BOOK</setSpec><setSpec>uge_acar_RapidILL_BOOK</setSpec></header><metadata>
<record xmlns="http://www.loc.gov/MARC21/slim" xmlns:xsi="http://www.w3.org/2001/XMLSchema-instance" xsi:schemaLocation="http://www.loc.gov/MARC21/slim http://www.loc.gov/standards/marcxml/schema/MARC21slim.xsd"><leader>02092nam a2200505 c 4500</leader><controlfield tag="001">991000792239705502</controlfield><controlfield tag="005">20230303214824.0</controlfield><controlfield tag="008">201012s1998    xxk||||| |||| 00| ||eng d</controlfield><datafield ind1=" " ind2=" " tag="020"><subfield code="a">071239723X</subfield></datafield><datafield ind1=" " ind2=" " tag="035"><subfield code="a">(swissbib)237697440-41slsp_network</subfield></datafield><datafield ind1=" " ind2=" " tag="035"><subfield code="a">237697440</subfield><subfield code="9">ExL</subfield></datafield><datafield ind1=" " ind2=" " tag="035"><subfield code="a">(RERO)R243207960-41slsp</subfield></datafield><datafield ind1=" " ind2=" " tag="035"><subfield code="a">(NEBIS)001996629EBI01</subfield></datafield><datafield ind1=" " ind2=" " tag="035"><subfield code="a">(EXLNZ-41SLSP_NETWORK)991047885499705501</subfield></datafield><datafield ind1=" " ind2=" " tag="040"><subfield code="a">RERO geubib</subfield><subfield code="d">CH-ZuSLS</subfield></datafield><datafield ind1=" " ind2="7" tag="072"><subfield code="a">bt</subfield><subfield code="2">rero</subfield></datafield><datafield ind1="0" ind2="4" tag="082"><subfield code="a">027.70941</subfield><subfield code="2">21</subfield></datafield><datafield ind1="1" ind2=" " tag="100"><subfield code="a">Barton, Jane</subfield><subfield code="0">(RERO)A002973579</subfield><subfield code="4">cre</subfield></datafield><datafield ind1="1" ind2="0" tag="245"><subfield code="a">Academic library effectiveness</subfield><subfield code="b">a comparative approach</subfield><subfield code="c">Jane Barton and John Blagden</subfield></datafield><datafield ind1=" " ind2="1" tag="264"><subfield code="a">Boston Spa</subfield><subfield code="b">British Library Research and Innovation Centre</subfield><subfield code="c">1998</subfield></datafield><datafield ind1=" " ind2=" " tag="300"><subfield code="a">VI, 146 p.</subfield><subfield code="b">ill.</subfield><subfield code="c">30 cm</subfield></datafield><datafield ind1=" " ind2=" " tag="336"><subfield code="b">txt</subfield><subfield code="2">rdacontent</subfield></datafield><datafield ind1=" " ind2=" " tag="337"><subfield code="b">n</subfield><subfield code="2">rdamedia</subfield></datafield><datafield ind1=" " ind2=" " tag="338"><subfield code="b">nc</subfield><subfield code="2">rdacarrier</subfield></datafield><datafield ind1="1" ind2=" " tag="490"><subfield code="a">British library research and innovation report</subfield><subfield code="v">120</subfield></datafield><datafield ind1=" " ind2=" " tag="504"><subfield code="a">Literaturverz.</subfield></datafield><datafield ind1=" " ind2="7" tag="650"><subfield code="a">qualité des services - évaluation</subfield><subfield code="0">(RERO)A010137553</subfield><subfield code="2">rerovoc</subfield></datafield><datafield ind1=" " ind2="7" tag="650"><subfield code="a">Efficacité</subfield><subfield code="0">(IDREF)031210147</subfield><subfield code="2">idref</subfield></datafield><datafield ind1=" " ind2="7" tag="650"><subfield code="a">Gestion d'entreprise</subfield><subfield code="0">(IDREF)027228096</subfield><subfield code="2">idref</subfield></datafield><datafield ind1=" " ind2="7" tag="650"><subfield code="a">Bibliothèques universitaires</subfield><subfield code="0">(IDREF)027386732</subfield><subfield code="2">idref</subfield></datafield><datafield ind1=" " ind2="7" tag="650"><subfield code="a">Effizienz</subfield><subfield code="2">idszbz</subfield></datafield><datafield ind1=" " ind2="7" tag="650"><subfield code="a">Hochschulbibliothek</subfield><subfield code="2">idszbz</subfield></datafield><datafield ind1=" " ind2="7" tag="650"><subfield code="a">Leistungsbewertung</subfield><subfield code="2">idszbz</subfield></datafield><datafield ind1=" " ind2="7" tag="650"><subfield code="a">Effizienz</subfield><subfield code="0">(DE-588)4013585-8</subfield><subfield code="2">gnd</subfield></datafield><datafield ind1=" " ind2="7" tag="650"><subfield code="a">Hochschulbibliothek</subfield><subfield code="0">(DE-588)4160196-8</subfield><subfield code="2">gnd</subfield></datafield><datafield ind1=" " ind2="0" tag="650"><subfield code="a">Academic libraries</subfield><subfield code="z">Great Britain</subfield><subfield code="x">Administration</subfield></datafield><datafield ind1=" " ind2="0" tag="650"><subfield code="a">Academic libraries</subfield><subfield code="z">Great Britain</subfield><subfield code="x">Comparative evaluation</subfield></datafield><datafield ind1=" " ind2="0" tag="650"><subfield code="a">Academic libraries</subfield><subfield code="z">Great Britain</subfield><subfield code="x">Cost effectiveness</subfield></datafield><datafield ind1=" " ind2="0" tag="650"><subfield code="a">Academic libraries</subfield><subfield code="z">Great Britain</subfield><subfield code="x">Evaluation</subfield></datafield><datafield ind1=" " ind2="7" tag="651"><subfield code="a">Grande-Bretagne</subfield><subfield code="0">(IDREF)027228231</subfield><subfield code="2">idref</subfield></datafield><datafield ind1=" " ind2="7" tag="655"><subfield code="a">Manuels d'enseignement</subfield><subfield code="0">(IDREF)027446514</subfield><subfield code="2">idref</subfield></datafield><datafield ind1=" " ind2="7" tag="655"><subfield code="a">Aufsatzsammlung</subfield><subfield code="2">gnd-content</subfield></datafield><datafield ind1="1" ind2=" " tag="700"><subfield code="a">Blagden, John</subfield><subfield code="d">1937-....</subfield><subfield code="0">(IDREF)184707099</subfield></datafield><datafield ind1=" " ind2="0" tag="830"><subfield code="a">British library research and innovation report</subfield><subfield code="v">120</subfield><subfield code="w">(RERO)R224329860-41slsp</subfield></datafield><datafield ind1=" " ind2="0" tag="830"><subfield code="a">British Library research and innovation report</subfield><subfield code="v">120</subfield><subfield code="w">(NEBIS)001831150EBI01</subfield></datafield><datafield ind1=" " ind2=" " tag="900"><subfield code="a">REROnoselfmerge</subfield></datafield></record>
</metadata></record>