<record><header><identifier>oai:alma.41SLSP_UGE:991000792139705502</identifier><datestamp>2023-03-31T00:15:37Z</datestamp><setSpec>uge_bcen_RapidILL_BOOK</setSpec><setSpec>uge_aaca_RapidILL_BOOK</setSpec><setSpec>uge_abels_RapidILL_BOOK</setSpec><setSpec>uge_dbu_RapidILL_BOOK</setSpec><setSpec>uge_cmu_RapidILL_BOOK</setSpec><setSpec>uge_mail_RapidILL_BOOK</setSpec><setSpec>uge_abbat_RapidILL_BOOK</setSpec><setSpec>UNIGE_ALL</setSpec><setSpec>uge_acar_RapidILL_BOOK</setSpec><setSpec>uge_aobs_RapidILL_BOOK</setSpec></header><metadata>
<record xmlns="http://www.loc.gov/MARC21/slim" xmlns:xsi="http://www.w3.org/2001/XMLSchema-instance" xsi:schemaLocation="http://www.loc.gov/MARC21/slim http://www.loc.gov/standards/marcxml/schema/MARC21slim.xsd"><leader>02104nam a2200613uc 4500</leader><controlfield tag="001">991000792139705502</controlfield><controlfield tag="005">20230330185015.0</controlfield><controlfield tag="008">201011t19941994xxu||||| |||| 00| ||eng d</controlfield><datafield ind1=" " ind2=" " tag="020"><subfield code="a">0268018847</subfield></datafield><datafield ind1=" " ind2=" " tag="035"><subfield code="a">(swissbib)231851863-41slsp_network</subfield></datafield><datafield ind1=" " ind2=" " tag="035"><subfield code="a">231851863</subfield><subfield code="9">ExL</subfield></datafield><datafield ind1=" " ind2=" " tag="035"><subfield code="a">(IDSBB)001161579DSV01</subfield></datafield><datafield ind1=" " ind2=" " tag="035"><subfield code="a">(NEBIS)001526631EBI01</subfield></datafield><datafield ind1=" " ind2=" " tag="035"><subfield code="a">(RERO)2073166-41slsp</subfield></datafield><datafield ind1=" " ind2=" " tag="035"><subfield code="a">(EXLNZ-41SLSP_NETWORK)991155925209705501</subfield></datafield><datafield ind1=" " ind2=" " tag="040"><subfield code="a">SzZuIDS BS/BE B400</subfield><subfield code="b">ger</subfield><subfield code="e">kids</subfield><subfield code="d">CH-ZuSLS</subfield></datafield><datafield ind1=" " ind2=" " tag="044"><subfield code="a">xxu</subfield><subfield code="a">xxk</subfield></datafield><datafield ind1=" " ind2="7" tag="072"><subfield code="a">ph</subfield><subfield code="2">SzZuIDS BS/BE</subfield></datafield><datafield ind1=" " ind2="7" tag="072"><subfield code="a">po</subfield><subfield code="2">SzZuIDS BS/BE</subfield></datafield><datafield ind1=" " ind2="7" tag="072"><subfield code="a">ph</subfield><subfield code="2">rero</subfield></datafield><datafield ind1=" " ind2="7" tag="072"><subfield code="a">ss</subfield><subfield code="2">rero</subfield></datafield><datafield ind1="0" ind2="0" tag="082"><subfield code="a">172</subfield><subfield code="2">20</subfield></datafield><datafield ind1="1" ind2="4" tag="082"><subfield code="a">320</subfield><subfield code="2">15</subfield></datafield><datafield ind1=" " ind2=" " tag="084"><subfield code="a">CC 7200</subfield><subfield code="2">rvk</subfield></datafield><datafield ind1=" " ind2=" " tag="084"><subfield code="a">CC 7800</subfield><subfield code="2">rvk</subfield></datafield><datafield ind1=" " ind2=" " tag="084"><subfield code="a">MD 6300</subfield><subfield code="2">rvk</subfield></datafield><datafield ind1=" " ind2=" " tag="084"><subfield code="a">MR 7200</subfield><subfield code="2">rvk</subfield></datafield><datafield ind1=" " ind2=" " tag="084"><subfield code="a">MS 1290</subfield><subfield code="2">rvk</subfield></datafield><datafield ind1="1" ind2=" " tag="100"><subfield code="6">880-01</subfield><subfield code="a">Walzer, Michael</subfield><subfield code="d">1935-....</subfield><subfield code="0">(IDREF)028809122</subfield><subfield code="4">cre</subfield></datafield><datafield ind1="1" ind2=" " tag="880"><subfield code="a">Walzer, Michael</subfield><subfield code="d">1935-</subfield><subfield code="0">(DE-588)11928927X</subfield><subfield code="6">100-01</subfield></datafield><datafield ind1="1" ind2="0" tag="245"><subfield code="a">Thick and Thin</subfield><subfield code="b">moral argument at home and abroad</subfield><subfield code="c">Michael Walzer</subfield></datafield><datafield ind1=" " ind2="1" tag="264"><subfield code="a">Notre Dame [etc.]</subfield><subfield code="b">University of Notre Dame Press</subfield><subfield code="c">[1994]</subfield></datafield><datafield ind1=" " ind2="4" tag="264"><subfield code="c">© 1994</subfield></datafield><datafield ind1=" " ind2=" " tag="300"><subfield code="a">XI, 108 S.</subfield><subfield code="c">23 cm</subfield></datafield><datafield ind1=" " ind2=" " tag="336"><subfield code="b">txt</subfield><subfield code="2">rdacontent</subfield></datafield><datafield ind1=" " ind2=" " tag="337"><subfield code="b">n</subfield><subfield code="2">rdamedia</subfield></datafield><datafield ind1=" " ind2=" " tag="338"><subfield code="b">nc</subfield><subfield code="2">rdacarrier</subfield></datafield><datafield ind1=" " ind2="7" tag="650"><subfield code="a">Politische Ethik</subfield><subfield code="2">idsbb</subfield></datafield><datafield ind1=" " ind2="7" tag="650"><subfield code="a">Politische Ethik</subfield><subfield code="2">idszbz</subfield></datafield><datafield ind1=" " ind2="7" tag="650"><subfield code="a">Verteilungsgerechtigkeit</subfield><subfield code="2">idszbz</subfield></datafield><datafield ind1=" " ind2="7" tag="650"><subfield code="a">Gerechtigkeit</subfield><subfield code="0">(DE-588)4020310-4</subfield><subfield code="2">gnd</subfield></datafield><datafield ind1=" " ind2="7" tag="650"><subfield code="a">Moral</subfield><subfield code="0">(DE-588)4040222-8</subfield><subfield code="2">gnd</subfield></datafield><datafield ind1=" " ind2="7" tag="650"><subfield code="a">Politische Ethik</subfield><subfield code="0">(DE-588)4129503-1</subfield><subfield code="2">gnd</subfield></datafield><datafield ind1=" " ind2="7" tag="650"><subfield code="a">Politische Philosophie</subfield><subfield code="0">(DE-588)4076226-9</subfield><subfield code="2">gnd</subfield></datafield><datafield ind1=" " ind2="7" tag="650"><subfield code="a">Verteilungsgerechtigkeit</subfield><subfield code="0">(DE-588)4127097-6</subfield><subfield code="2">gnd</subfield></datafield><datafield ind1=" " ind2="0" tag="650"><subfield code="a">Cultural pluralism</subfield></datafield><datafield ind1=" " ind2="0" tag="650"><subfield code="a">Democracy</subfield></datafield><datafield ind1=" " ind2="0" tag="650"><subfield code="a">Distributive justice</subfield></datafield><datafield ind1=" " ind2="0" tag="650"><subfield code="a">International relations</subfield><subfield code="x">Moral and ethical aspects</subfield></datafield><datafield ind1=" " ind2="0" tag="650"><subfield code="a">Political ethics</subfield></datafield><datafield ind1=" " ind2="0" tag="650"><subfield code="a">Self-determination, National</subfield></datafield><datafield ind1=" " ind2="7" tag="650"><subfield code="a">Justice distributive</subfield><subfield code="0">(IDREF)02747562X</subfield><subfield code="2">idref</subfield></datafield><datafield ind1="4" ind2=" " tag="856"><subfield code="3">Inhaltsverzeichnis</subfield><subfield code="u">http://www.ub.unibas.ch/tox/HBZ/HT006303892/PDF</subfield><subfield code="q">pdf</subfield></datafield><datafield ind1=" " ind2=" " tag="900"><subfield code="a">REROnoselfmerge</subfield></datafield><datafield ind1=" " ind2=" " tag="949"><subfield code="a">http://www.ub.unibas.ch/tox/HBZ/HT006303892/PDF</subfield></datafield></record>
</metadata></record>