<record><header><identifier>oai:alma.41SLSP_UGE:991000792169705502</identifier><datestamp>2024-11-15T01:09:56Z</datestamp><setSpec>uge_bcen_RapidILL_BOOK</setSpec><setSpec>uge_aaca_RapidILL_BOOK</setSpec><setSpec>uge_abels_RapidILL_BOOK</setSpec><setSpec>uge_dbu_RapidILL_BOOK</setSpec><setSpec>uge_cmu_RapidILL_BOOK</setSpec><setSpec>uge_mail_RapidILL_BOOK</setSpec><setSpec>uge_abbat_RapidILL_BOOK</setSpec><setSpec>UNIGE_ALL</setSpec><setSpec>uge_aobs_RapidILL_BOOK</setSpec><setSpec>uge_acar_RapidILL_BOOK</setSpec></header><metadata>
<record xmlns="http://www.loc.gov/MARC21/slim" xmlns:xsi="http://www.w3.org/2001/XMLSchema-instance" xsi:schemaLocation="http://www.loc.gov/MARC21/slim http://www.loc.gov/standards/marcxml/schema/MARC21slim.xsd"><leader>02670nam a2200565 c 4500</leader><controlfield tag="001">991000792169705502</controlfield><controlfield tag="005">20241115011910.0</controlfield><controlfield tag="008">201011s2016    sz ||||| |||| 00| ||fre d</controlfield><datafield ind1=" " ind2=" " tag="020"><subfield code="a">9783037972519</subfield><subfield code="q">couverture souple</subfield></datafield><datafield ind1=" " ind2=" " tag="035"><subfield code="a">(swissbib)217411371-41slsp_network</subfield></datafield><datafield ind1=" " ind2=" " tag="035"><subfield code="a">217411371</subfield><subfield code="9">ExL</subfield></datafield><datafield ind1=" " ind2=" " tag="035"><subfield code="a">(RERO)R008514228-41slsp</subfield></datafield><datafield ind1=" " ind2=" " tag="035"><subfield code="a">(NEBIS)010714422EBI01</subfield></datafield><datafield ind1=" " ind2=" " tag="035"><subfield code="a">(SBT)000842356SBT01</subfield></datafield><datafield ind1=" " ind2=" " tag="035"><subfield code="a">(EXLNZ-41SLSP_NETWORK)991012249339705501</subfield></datafield><datafield ind1=" " ind2=" " tag="040"><subfield code="a">RERO frvsbc</subfield><subfield code="d">CH-ZuSLS</subfield></datafield><datafield ind1=" " ind2=" " tag="044"><subfield code="a">sz</subfield><subfield code="c">ch-be</subfield></datafield><datafield ind1=" " ind2="7" tag="072"><subfield code="a">at</subfield><subfield code="2">rero</subfield></datafield><datafield ind1=" " ind2="7" tag="072"><subfield code="a">ba</subfield><subfield code="2">rero</subfield></datafield><datafield ind1="1" ind2=" " tag="080"><subfield code="a">7(494)</subfield></datafield><datafield ind1="1" ind2=" " tag="100"><subfield code="a">Piguet, Claire</subfield><subfield code="0">(DE-588)188399305</subfield><subfield code="e">auteur</subfield><subfield code="4">aut</subfield><subfield code="6">880-01</subfield></datafield><datafield ind1="1" ind2=" " tag="880"><subfield code="6">100-01</subfield><subfield code="a">Piguet, Claire</subfield><subfield code="0">(IDREF)112679587</subfield><subfield code="4">ctb</subfield></datafield><datafield ind1="1" ind2="0" tag="245"><subfield code="a">&lt;&lt;L'&gt;&gt;ancienne Brasserie Müller à Neuchâtel</subfield><subfield code="c">C. Piguet ... [et al.]</subfield></datafield><datafield ind1=" " ind2="1" tag="264"><subfield code="a">Berne</subfield><subfield code="b">Société d'histoire de l'art en Suisse SHAS</subfield><subfield code="c">2016</subfield></datafield><datafield ind1=" " ind2=" " tag="300"><subfield code="a">44 pages</subfield><subfield code="b">illustrations, plans, photographies</subfield><subfield code="c">21 cm</subfield></datafield><datafield ind1=" " ind2=" " tag="336"><subfield code="b">txt</subfield><subfield code="2">rdacontent</subfield></datafield><datafield ind1=" " ind2=" " tag="337"><subfield code="b">n</subfield><subfield code="2">rdamedia</subfield></datafield><datafield ind1=" " ind2=" " tag="338"><subfield code="b">nc</subfield><subfield code="2">rdacarrier</subfield></datafield><datafield ind1="1" ind2=" " tag="490"><subfield code="a">Schweizerische Kunstführer GSK</subfield><subfield code="v">Série 99, n°984</subfield></datafield><datafield ind1="1" ind2=" " tag="490"><subfield code="a">Guide d'art et d'histoire de la Suisse. Série 99</subfield><subfield code="v">no 984</subfield></datafield><datafield ind1=" " ind2=" " tag="500"><subfield code="a">Altri autori: C. de Reynier, D. Rodriguez, W. Tschopp, M. Vouga</subfield></datafield><datafield ind1=" " ind2=" " tag="508"><subfield code="a">Ont également collaboré: C. de Reynier, D. Rodriguez, W. Tschopp, M. Vouga</subfield></datafield><datafield ind1="2" ind2="7" tag="610"><subfield code="a">Brasserie Müller</subfield><subfield code="g">Neuchâtel, Neuchâtel, Suisse</subfield><subfield code="0">(IDREF)081150741</subfield><subfield code="2">idref</subfield></datafield><datafield ind1=" " ind2="7" tag="650"><subfield code="a">Brasseries</subfield><subfield code="0">(IDREF)028558340</subfield><subfield code="2">idref</subfield></datafield><datafield ind1=" " ind2="7" tag="650"><subfield code="a">Reconversion (architecture)</subfield><subfield code="0">(IDREF)027730468</subfield><subfield code="2">idref</subfield></datafield><datafield ind1=" " ind2="7" tag="650"><subfield code="a">BRASSERIES (ARCHITECTURE)</subfield><subfield code="9">fre</subfield><subfield code="0">(ETHUDK)000053554</subfield><subfield code="2">ethudk</subfield></datafield><datafield ind1=" " ind2="7" tag="650"><subfield code="a">EXTENSION DE BÂTIMENTS + TRANSFORMATIONS DE BÂTIMENTS (ARCHITECTURE)</subfield><subfield code="9">fre</subfield><subfield code="0">(ETHUDK)000035531</subfield><subfield code="2">ethudk</subfield></datafield><datafield ind1=" " ind2="7" tag="650"><subfield code="a">HISTOIRE</subfield><subfield code="9">fre</subfield><subfield code="0">(ETHUDK)000036805</subfield><subfield code="2">ethudk</subfield></datafield><datafield ind1=" " ind2="7" tag="650"><subfield code="a">NEUCHÂTEL, VILLE (CANTON DE NEUCHÂTEL)</subfield><subfield code="9">fre</subfield><subfield code="0">(ETHUDK)000005777</subfield><subfield code="2">ethudk</subfield></datafield><datafield ind1=" " ind2="7" tag="650"><subfield code="a">Brasserie Müller (Neuchâtel)</subfield><subfield code="x">Guide artistiche</subfield><subfield code="2">sbt12</subfield></datafield><datafield ind1=" " ind2="7" tag="655"><subfield code="a">Guides touristiques et de visite</subfield><subfield code="0">(IDREF)027804720</subfield><subfield code="2">idref</subfield></datafield><datafield ind1="1" ind2=" " tag="700"><subfield code="a">Reynier, Christian &lt;&lt;de&gt;&gt;</subfield><subfield code="0">(DE-588)102194484X</subfield><subfield code="e">auteur</subfield><subfield code="4">aut</subfield><subfield code="6">880-02</subfield></datafield><datafield ind1="1" ind2=" " tag="880"><subfield code="6">700-02</subfield><subfield code="a">Reynier, Christian de</subfield><subfield code="0">(IDREF)253657296</subfield><subfield code="4">ctb</subfield></datafield><datafield ind1="1" ind2=" " tag="700"><subfield code="a">Rodrigues, Diane</subfield><subfield code="0">(IDREF)253657393</subfield><subfield code="4">ctb</subfield></datafield><datafield ind1="1" ind2=" " tag="700"><subfield code="a">Tschopp, Walter</subfield><subfield code="d">1950-</subfield><subfield code="0">(DE-588)137791372</subfield><subfield code="e">auteur</subfield><subfield code="4">aut</subfield><subfield code="6">880-04</subfield></datafield><datafield ind1="1" ind2=" " tag="880"><subfield code="6">700-04</subfield><subfield code="a">Tschopp, Walter</subfield><subfield code="d">1950-....</subfield><subfield code="0">(IDREF)240312325</subfield><subfield code="4">ctb</subfield></datafield><datafield ind1="1" ind2=" " tag="700"><subfield code="a">Vouga, Matthieu</subfield><subfield code="0">(IDREF)243999445</subfield><subfield code="4">ctb</subfield></datafield><datafield ind1=" " ind2="0" tag="830"><subfield code="a">Schweizerische Kunstführer</subfield><subfield code="v">984</subfield><subfield code="w">(RERO)0060551-41slsp</subfield></datafield><datafield ind1=" " ind2="0" tag="830"><subfield code="a">Guide di monumenti svizzeri</subfield><subfield code="v">984</subfield><subfield code="w">(SBT)000000604SBT01</subfield></datafield><datafield ind1=" " ind2=" " tag="900"><subfield code="a">REROnoselfmerge</subfield></datafield><datafield ind1=" " ind2=" " tag="900"><subfield code="a">IDST9lobc-sagg201710</subfield></datafield></record>
</metadata></record>