<record><header><identifier>oai:alma.41SLSP_UGE:991000792479705502</identifier><datestamp>2023-03-06T01:08:51Z</datestamp><setSpec>uge_bcen_RapidILL_BOOK</setSpec><setSpec>uge_aaca_RapidILL_BOOK</setSpec><setSpec>uge_abels_RapidILL_BOOK</setSpec><setSpec>uge_dbu_RapidILL_BOOK</setSpec><setSpec>uge_cmu_RapidILL_BOOK</setSpec><setSpec>uge_mail_RapidILL_BOOK</setSpec><setSpec>uge_abbat_RapidILL_BOOK</setSpec><setSpec>UNIGE_ALL</setSpec><setSpec>uge_aobs_RapidILL_BOOK</setSpec><setSpec>uge_acar_RapidILL_BOOK</setSpec></header><metadata>
<record xmlns="http://www.loc.gov/MARC21/slim" xmlns:xsi="http://www.w3.org/2001/XMLSchema-instance" xsi:schemaLocation="http://www.loc.gov/MARC21/slim http://www.loc.gov/standards/marcxml/schema/MARC21slim.xsd"><leader>03885nam a2200529 c 4500</leader><controlfield tag="001">991000792479705502</controlfield><controlfield tag="005">20230305063505.0</controlfield><controlfield tag="008">201011s2009    xxk||||| |||| 00| ||eng d</controlfield><datafield ind1=" " ind2=" " tag="020"><subfield code="a">9780203885031</subfield><subfield code="q">ebook</subfield></datafield><datafield ind1=" " ind2=" " tag="020"><subfield code="a">9780415454490</subfield><subfield code="q">hardback : alk. paper</subfield></datafield><datafield ind1=" " ind2=" " tag="020"><subfield code="a">9780415454506</subfield><subfield code="q">pbk. : alk. paper</subfield></datafield><datafield ind1=" " ind2=" " tag="035"><subfield code="a">(swissbib)225487586-41slsp_network</subfield></datafield><datafield ind1=" " ind2=" " tag="035"><subfield code="a">225487586</subfield><subfield code="9">ExL</subfield></datafield><datafield ind1=" " ind2=" " tag="035"><subfield code="a">(RERO)R004866261-41slsp</subfield></datafield><datafield ind1=" " ind2=" " tag="035"><subfield code="a">(NEBIS)006483542EBI01</subfield></datafield><datafield ind1=" " ind2=" " tag="035"><subfield code="a">(OCoLC)494277318</subfield></datafield><datafield ind1=" " ind2=" " tag="035"><subfield code="a">(EXLNZ-41SLSP_NETWORK)991122379599705501</subfield></datafield><datafield ind1=" " ind2=" " tag="040"><subfield code="a">DLC</subfield><subfield code="d">CH-ZuSLS</subfield></datafield><datafield ind1="0" ind2="0" tag="050"><subfield code="a">CC135 $b.P59 2008</subfield></datafield><datafield ind1=" " ind2="7" tag="072"><subfield code="a">an</subfield><subfield code="2">rero</subfield></datafield><datafield ind1="0" ind2="0" tag="082"><subfield code="a">363.6/9</subfield><subfield code="2">22</subfield></datafield><datafield ind1="0" ind2="0" tag="245"><subfield code="a">Places of pain and shame</subfield><subfield code="b">dealing with &quot;difficult heritage&quot;</subfield><subfield code="c">edited by William Logan and Keir Reeves</subfield></datafield><datafield ind1=" " ind2="1" tag="264"><subfield code="a">Milton Park, Abingdon, Oxon</subfield><subfield code="b">Routledge</subfield><subfield code="c">2009</subfield></datafield><datafield ind1=" " ind2=" " tag="300"><subfield code="a">290 p.</subfield><subfield code="b">ill.</subfield><subfield code="c">24 cm</subfield></datafield><datafield ind1=" " ind2=" " tag="336"><subfield code="b">txt</subfield><subfield code="2">rdacontent</subfield></datafield><datafield ind1=" " ind2=" " tag="337"><subfield code="b">n</subfield><subfield code="2">rdamedia</subfield></datafield><datafield ind1=" " ind2=" " tag="338"><subfield code="b">nc</subfield><subfield code="2">rdacarrier</subfield></datafield><datafield ind1="0" ind2=" " tag="490"><subfield code="a">Key issues in cultural heritage</subfield></datafield><datafield ind1=" " ind2=" " tag="504"><subfield code="a">Bibliogr. en fin de chapitres. Index</subfield></datafield><datafield ind1="0" ind2=" " tag="505"><subfield code="a">Remembering places of pain and shame / William S. Logan and Keir Reeves -- Let the dead be remembered: interpretation of the Nanjing Massacre memorial / Qian Fengqi -- The Hiroshima &quot;Peace Memorial&quot;: Transforming Legacy, memories and landscapes / Yushi Utaka -- Auschwitz-Birkenau: The challenges of heritage management following the cold war / Katie Young -- &quot;Dig a hole and bury the past in it&quot;: Reconciliation and the heritage of genocide in Cambodia / Colin Long and Keir Reeves -- The Myall Creek Memorial: History, Identity and reconciliation / Bronwyn Batten -- Cowra Japanese War Cemetry / Ali Kobayashi and Bart Ziino -- A cave in Taiwan: comfort women's memories and the local identity / Chou Ching-yuan -- Postcolonial shame: heritage and the forgotten pain of civilian women inernees in Java / Joost Cote -- Difficult memories: the independence struggle as cultural heritage in East Timor / Michael Leach -- Port Arthur, Norfolk Island, New Caledonia: convict prison islands in the antipodes / Jane Lennon -- Hoa Lo Museum, Hanoi: changing attutudes to a Vietnamese place of pain and shame / William S. Logan -- Places of Pain as tools for social justice in the &quot;new&quot; South Africa: black heritage preservation in the &quot;rainbow&quot; nation's townships / Angel David Nieves -- Negotiating places of pain in post-conflict Northern Ireland: Debating the future of the maze/prison/Long Kesh, Sara McDowell 15. Beauty Springing from the breast of pain / Spencer Leineweber -- &quot;No less than a palace: Kew asylum, its planned surrounds, and its present-day residents / Keir Reeves and David Nichols -- Between the hostel and the detention centre: possible trajectories of migrant pain and shame in Australia / Sara Wills</subfield></datafield><datafield ind1=" " ind2="0" tag="650"><subfield code="a">Collective memory</subfield><subfield code="v">Cross-cultural studies</subfield></datafield><datafield ind1=" " ind2="0" tag="650"><subfield code="a">Cultural property</subfield><subfield code="v">Cross-cultural studies</subfield></datafield><datafield ind1=" " ind2="0" tag="650"><subfield code="a">Shame</subfield><subfield code="v">Cross-cultural studies</subfield></datafield><datafield ind1=" " ind2="7" tag="650"><subfield code="a">Guerre</subfield><subfield code="0">(IDREF)027267709</subfield><subfield code="2">idref</subfield></datafield><datafield ind1=" " ind2="7" tag="650"><subfield code="a">Mémoire collective</subfield><subfield code="0">(IDREF)030288185</subfield><subfield code="2">idref</subfield></datafield><datafield ind1=" " ind2="7" tag="650"><subfield code="a">Monuments commémoratifs</subfield><subfield code="0">(IDREF)027599299</subfield><subfield code="2">idref</subfield></datafield><datafield ind1=" " ind2="7" tag="650"><subfield code="a">Anthropologie</subfield><subfield code="0">(IDREF)027295370</subfield><subfield code="2">idref</subfield></datafield><datafield ind1=" " ind2="7" tag="650"><subfield code="a">Violence</subfield><subfield code="0">(IDREF)027255891</subfield><subfield code="2">idref</subfield></datafield><datafield ind1=" " ind2="7" tag="650"><subfield code="a">Mémoire collective</subfield><subfield code="x">Études transculturelles</subfield><subfield code="2">ram</subfield></datafield><datafield ind1=" " ind2="7" tag="650"><subfield code="a">DENKMÄLER/ERINNERUNG AN PERSONEN, EREIGNISSE (ARCHITEKTUR)</subfield><subfield code="9">ger</subfield><subfield code="0">(ETHUDK)000049338</subfield><subfield code="2">ethudk</subfield></datafield><datafield ind1=" " ind2="7" tag="650"><subfield code="a">KRIEGSGEFANGENSCHAFT + INTERNIERUNG</subfield><subfield code="9">ger</subfield><subfield code="0">(ETHUDK)000011764</subfield><subfield code="2">ethudk</subfield></datafield><datafield ind1=" " ind2="7" tag="650"><subfield code="a">KULTURGÜTER + KULTURERBE</subfield><subfield code="9">ger</subfield><subfield code="0">(ETHUDK)000009094</subfield><subfield code="2">ethudk</subfield></datafield><datafield ind1=" " ind2="7" tag="650"><subfield code="a">VÖLKERMORD + HOLOKAUST (STRAFRECHT)</subfield><subfield code="9">ger</subfield><subfield code="0">(ETHUDK)000011239</subfield><subfield code="2">ethudk</subfield></datafield><datafield ind1=" " ind2="7" tag="655"><subfield code="a">[Études diverses]</subfield><subfield code="0">(RERO)A022249905</subfield><subfield code="2">rero</subfield></datafield><datafield ind1="1" ind2=" " tag="700"><subfield code="a">Reeves, Keir</subfield><subfield code="0">(IDREF)134133455</subfield></datafield><datafield ind1="1" ind2=" " tag="700"><subfield code="a">Logan, William Stewart</subfield><subfield code="d">1942-....</subfield><subfield code="0">(IDREF)082965021</subfield></datafield><datafield ind1=" " ind2=" " tag="900"><subfield code="a">REROnoselfmerge</subfield></datafield><datafield ind1=" " ind2=" " tag="911"><subfield code="a">700</subfield><subfield code="a">Logan, William Stewart</subfield><subfield code="d">1942- ...)</subfield></datafield></record>
</metadata></record>