<record><header><identifier>oai:alma.41SLSP_UGE:991000792899705502</identifier><datestamp>2023-03-06T01:08:29Z</datestamp><setSpec>uge_bcen_RapidILL_BOOK</setSpec><setSpec>uge_aaca_RapidILL_BOOK</setSpec><setSpec>uge_abels_RapidILL_BOOK</setSpec><setSpec>uge_dbu_RapidILL_BOOK</setSpec><setSpec>uge_cmu_RapidILL_BOOK</setSpec><setSpec>uge_mail_RapidILL_BOOK</setSpec><setSpec>uge_abbat_RapidILL_BOOK</setSpec><setSpec>UNIGE_ALL</setSpec><setSpec>uge_acar_RapidILL_BOOK</setSpec><setSpec>uge_aobs_RapidILL_BOOK</setSpec></header><metadata>
<record xmlns="http://www.loc.gov/MARC21/slim" xmlns:xsi="http://www.w3.org/2001/XMLSchema-instance" xsi:schemaLocation="http://www.loc.gov/MARC21/slim http://www.loc.gov/standards/marcxml/schema/MARC21slim.xsd"><leader>01123nam a2200325 c 4500</leader><controlfield tag="001">991000792899705502</controlfield><controlfield tag="005">20230305063700.0</controlfield><controlfield tag="008">031022s2002    xxk||||| |||| 00| ||eng d</controlfield><datafield ind1=" " ind2=" " tag="020"><subfield code="a">0901405639</subfield></datafield><datafield ind1=" " ind2=" " tag="035"><subfield code="a">(swissbib)099854104-41slsp_network</subfield></datafield><datafield ind1=" " ind2=" " tag="035"><subfield code="a">099854104</subfield><subfield code="9">ExL</subfield></datafield><datafield ind1=" " ind2=" " tag="035"><subfield code="a">(RERO)R003527574-41slsp</subfield></datafield><datafield ind1=" " ind2=" " tag="035"><subfield code="a">(EXLNZ-41SLSP_NETWORK)991092492369705501</subfield></datafield><datafield ind1=" " ind2=" " tag="040"><subfield code="a">RERO neubfl</subfield><subfield code="d">CH-ZuSLS</subfield></datafield><datafield ind1=" " ind2="7" tag="072"><subfield code="a">hs</subfield><subfield code="2">rero</subfield></datafield><datafield ind1="1" ind2=" " tag="080"><subfield code="a">737(38)</subfield></datafield><datafield ind1="0" ind2="0" tag="245"><subfield code="a">Greek hoards</subfield><subfield code="c">ed. by Andrew Meadows &amp; Ute Wartenberg</subfield></datafield><datafield ind1=" " ind2="1" tag="264"><subfield code="a">London</subfield><subfield code="b">Royal Numismatic Society</subfield><subfield code="c">2002</subfield></datafield><datafield ind1=" " ind2=" " tag="300"><subfield code="a">IX, 308 p., 66 p. de pl.</subfield><subfield code="b">ill.</subfield><subfield code="c">31 cm</subfield></datafield><datafield ind1=" " ind2=" " tag="336"><subfield code="b">txt</subfield><subfield code="2">rdacontent</subfield></datafield><datafield ind1=" " ind2=" " tag="337"><subfield code="b">n</subfield><subfield code="2">rdamedia</subfield></datafield><datafield ind1=" " ind2=" " tag="338"><subfield code="b">nc</subfield><subfield code="2">rdacarrier</subfield></datafield><datafield ind1="1" ind2=" " tag="490"><subfield code="a">Coin hoards</subfield><subfield code="v">vol. 9</subfield></datafield><datafield ind1="1" ind2=" " tag="490"><subfield code="a">Special publication / Royal Numismatic Society</subfield><subfield code="v">no. 35</subfield></datafield><datafield ind1=" " ind2="7" tag="650"><subfield code="a">Monnaies grecques</subfield><subfield code="0">(IDREF)02803130X</subfield><subfield code="2">idref</subfield></datafield><datafield ind1=" " ind2="7" tag="650"><subfield code="a">trésor monétaire</subfield><subfield code="0">(RERO)A010034102</subfield><subfield code="2">rerovoc</subfield></datafield><datafield ind1=" " ind2="7" tag="655"><subfield code="a">[Études diverses]</subfield><subfield code="0">(RERO)A022249905</subfield><subfield code="2">rero</subfield></datafield><datafield ind1="1" ind2=" " tag="700"><subfield code="a">Meadows, Andrew</subfield><subfield code="d">19..-....</subfield><subfield code="0">(IDREF)059365730</subfield></datafield><datafield ind1=" " ind2="0" tag="830"><subfield code="a">Coin hoards</subfield><subfield code="v">9</subfield></datafield><datafield ind1=" " ind2=" " tag="830"><subfield code="a">Special publication</subfield><subfield code="v">35</subfield><subfield code="w">(RERO)0350137-41slsp</subfield></datafield><datafield ind1=" " ind2=" " tag="900"><subfield code="a">REROnoselfmerge</subfield></datafield></record>
</metadata></record>