<record><header><identifier>oai:alma.41SLSP_UGE:991000792259705502</identifier><datestamp>2024-05-02T00:12:02Z</datestamp><setSpec>uge_bcen_RapidILL_BOOK</setSpec><setSpec>uge_aaca_RapidILL_BOOK</setSpec><setSpec>uge_abels_RapidILL_BOOK</setSpec><setSpec>uge_dbu_RapidILL_BOOK</setSpec><setSpec>uge_cmu_RapidILL_BOOK</setSpec><setSpec>uge_mail_RapidILL_BOOK</setSpec><setSpec>uge_abbat_RapidILL_BOOK</setSpec><setSpec>UNIGE_ALL</setSpec><setSpec>uge_acar_RapidILL_BOOK</setSpec><setSpec>uge_aobs_RapidILL_BOOK</setSpec></header><metadata>
<record xmlns="http://www.loc.gov/MARC21/slim" xmlns:xsi="http://www.w3.org/2001/XMLSchema-instance" xsi:schemaLocation="http://www.loc.gov/MARC21/slim http://www.loc.gov/standards/marcxml/schema/MARC21slim.xsd"><leader>02524nam a22006492c 4500</leader><controlfield tag="001">991000792259705502</controlfield><controlfield tag="005">20230305062536.0</controlfield><controlfield tag="008">201011s1977    xxu           001 0 eng  </controlfield><datafield ind1=" " ind2=" " tag="020"><subfield code="a">0471845361</subfield></datafield><datafield ind1="7" ind2=" " tag="024"><subfield code="a">http://catalogue.bnf.fr/ark:/12148/cb353856990</subfield><subfield code="2">uri</subfield></datafield><datafield ind1=" " ind2=" " tag="035"><subfield code="a">(swissbib)213095858-41slsp_network</subfield></datafield><datafield ind1=" " ind2=" " tag="035"><subfield code="a">213095858</subfield><subfield code="9">ExL</subfield></datafield><datafield ind1=" " ind2=" " tag="035"><subfield code="a">(NEBIS)002588344EBI01</subfield></datafield><datafield ind1=" " ind2=" " tag="035"><subfield code="a">(RERO)0844528-41slsp</subfield></datafield><datafield ind1=" " ind2=" " tag="035"><subfield code="a">(IDSLU)000672798ILU01</subfield></datafield><datafield ind1=" " ind2=" " tag="035"><subfield code="a">(IDSSG)000234573HSB01</subfield></datafield><datafield ind1=" " ind2=" " tag="035"><subfield code="a">(IDSBB)000633179DSV01</subfield></datafield><datafield ind1=" " ind2=" " tag="035"><subfield code="a">(EXLNZ-41SLSP_NETWORK)991139741129705501</subfield></datafield><datafield ind1=" " ind2=" " tag="040"><subfield code="a">Dobis/Libis UZH</subfield><subfield code="d">CH-ZuSLS</subfield></datafield><datafield ind1=" " ind2="7" tag="072"><subfield code="a">ph</subfield><subfield code="2">rero</subfield></datafield><datafield ind1=" " ind2="7" tag="072"><subfield code="a">ph</subfield><subfield code="2">SzZuIDS BS/BE</subfield></datafield><datafield ind1="0" ind2="0" tag="082"><subfield code="a">301/.01</subfield><subfield code="2">18</subfield></datafield><datafield ind1="0" ind2="4" tag="082"><subfield code="a">301 .01</subfield><subfield code="2">18</subfield></datafield><datafield ind1="0" ind2="4" tag="082"><subfield code="a">301</subfield></datafield><datafield ind1="1" ind2=" " tag="100"><subfield code="a">Tar, Zoltán</subfield><subfield code="d">1929-</subfield><subfield code="0">(DE-588)124462235</subfield><subfield code="6">880-01</subfield></datafield><datafield ind1="1" ind2=" " tag="880"><subfield code="6">100-01</subfield><subfield code="a">Tar, Zoltán</subfield><subfield code="d">1929-....</subfield><subfield code="0">(IDREF)070518572</subfield><subfield code="4">cre</subfield></datafield><datafield ind1="1" ind2="0" tag="245"><subfield code="a">&lt;&lt;The&gt;&gt; Frankfurt School</subfield><subfield code="b">the critical theories of Max Horkheimer and Theodor W. Adorno</subfield><subfield code="c">Zoltan Tar ; foreword by Michael Landmann</subfield></datafield><datafield ind1=" " ind2="1" tag="264"><subfield code="a">New York, NY &lt;etc.&gt;</subfield><subfield code="b">Wiley</subfield><subfield code="c">1977</subfield></datafield><datafield ind1=" " ind2="4" tag="264"><subfield code="c">© 1977</subfield></datafield><datafield ind1=" " ind2=" " tag="300"><subfield code="a">XX, 243 p.</subfield><subfield code="c">22 cm</subfield></datafield><datafield ind1=" " ind2=" " tag="336"><subfield code="b">txt</subfield><subfield code="2">rdacontent</subfield></datafield><datafield ind1=" " ind2=" " tag="337"><subfield code="b">n</subfield><subfield code="2">rdamedia</subfield></datafield><datafield ind1=" " ind2=" " tag="338"><subfield code="b">nc</subfield><subfield code="2">rdacarrier</subfield></datafield><datafield ind1="0" ind2=" " tag="490"><subfield code="a">A Wiley-Interscience publication</subfield></datafield><datafield ind1=" " ind2=" " tag="504"><subfield code="a">Bibliogr.: p. 209-233</subfield></datafield><datafield ind1="1" ind2="0" tag="600"><subfield code="a">Adorno, Theodor W.</subfield><subfield code="d">1903-1969</subfield></datafield><datafield ind1="1" ind2="0" tag="600"><subfield code="a">Horkheimer, Max</subfield><subfield code="d">1895-1973</subfield></datafield><datafield ind1="1" ind2="7" tag="600"><subfield code="a">Adorno, Theodor Wiesengrund</subfield><subfield code="c">philosophe</subfield><subfield code="d">1903-1969</subfield><subfield code="0">(IDREF)026678047</subfield><subfield code="2">idref</subfield></datafield><datafield ind1="1" ind2="7" tag="600"><subfield code="a">Horkheimer, Max</subfield><subfield code="d">1895-1973</subfield><subfield code="0">(IDREF)026924498</subfield><subfield code="2">idref</subfield></datafield><datafield ind1="1" ind2="7" tag="600"><subfield code="a">Horkheimer, Max</subfield><subfield code="d">1895-1973</subfield><subfield code="0">(DE-588)118553615</subfield><subfield code="2">gnd</subfield></datafield><datafield ind1="1" ind2="7" tag="600"><subfield code="a">Adorno, Theodor W.</subfield><subfield code="d">1903-1969</subfield><subfield code="0">(DE-588)118500775</subfield><subfield code="2">gnd</subfield></datafield><datafield ind1="2" ind2="0" tag="610"><subfield code="a">Institut für Sozialforschung (Frankfurt am Main, Germany)</subfield></datafield><datafield ind1=" " ind2="4" tag="648"><subfield code="a">Geschichte</subfield></datafield><datafield ind1=" " ind2="7" tag="650"><subfield code="a">Soziologie</subfield><subfield code="0">(DE-588)4077624-4</subfield><subfield code="2">gnd</subfield></datafield><datafield ind1=" " ind2="0" tag="650"><subfield code="a">Critical theory</subfield></datafield><datafield ind1=" " ind2="0" tag="650"><subfield code="a">Frankfurt school of sociology</subfield></datafield><datafield ind1=" " ind2="7" tag="650"><subfield code="a">Ecole de Francfort</subfield><subfield code="0">(RERO)A009953998</subfield><subfield code="2">rerovoc</subfield></datafield><datafield ind1=" " ind2="7" tag="650"><subfield code="a">École de Francfort</subfield><subfield code="0">(IDREF)027292002</subfield><subfield code="2">idref</subfield></datafield><datafield ind1=" " ind2="7" tag="650"><subfield code="a">Kritische Theorie</subfield><subfield code="0">(DE-588)4073840-1</subfield><subfield code="2">gnd</subfield></datafield><datafield ind1=" " ind2="4" tag="650"><subfield code="a">Kritische Theorie</subfield></datafield><datafield ind1=" " ind2=" " tag="690"><subfield code="a">Frankfurter Schule</subfield><subfield code="2">uzb-Z9</subfield></datafield><datafield ind1=" " ind2=" " tag="690"><subfield code="a">Adorno, Theodor W., B: Gesellschaftsphilosophie</subfield><subfield code="2">rzs-L1</subfield></datafield><datafield ind1=" " ind2=" " tag="690"><subfield code="a">Gesellschaftsphilosophie, B: Frankfurter Schule</subfield><subfield code="2">rzs-L1</subfield></datafield><datafield ind1=" " ind2=" " tag="690"><subfield code="a">Soziologie, B: Frankfurter Schule</subfield><subfield code="2">rzs-L1</subfield></datafield><datafield ind1=" " ind2=" " tag="690"><subfield code="a">Horkheimer, Max, B: Gesellschaftsphilosophie</subfield><subfield code="2">rzs-L1</subfield></datafield><datafield ind1="1" ind2=" " tag="700"><subfield code="a">Landmann, Michael</subfield><subfield code="d">1913-1984</subfield><subfield code="0">(DE-588)118726218</subfield></datafield><datafield ind1=" " ind2=" " tag="900"><subfield code="a">IDSERMedeaSOZARCH</subfield></datafield><datafield ind1=" " ind2=" " tag="900"><subfield code="a">REROnoselfmerge</subfield></datafield></record>
</metadata></record>