<record><header><identifier>oai:alma.41SLSP_UGE:991000792469705502</identifier><datestamp>2024-03-01T01:18:57Z</datestamp><setSpec>uge_bcen_RapidILL_BOOK</setSpec><setSpec>uge_aaca_RapidILL_BOOK</setSpec><setSpec>uge_abels_RapidILL_BOOK</setSpec><setSpec>uge_dbu_RapidILL_BOOK</setSpec><setSpec>uge_cmu_RapidILL_BOOK</setSpec><setSpec>uge_mail_RapidILL_BOOK</setSpec><setSpec>uge_abbat_RapidILL_BOOK</setSpec><setSpec>UNIGE_ALL</setSpec><setSpec>uge_aobs_RapidILL_BOOK</setSpec><setSpec>uge_acar_RapidILL_BOOK</setSpec></header><metadata>
<record xmlns="http://www.loc.gov/MARC21/slim" xmlns:xsi="http://www.w3.org/2001/XMLSchema-instance" xsi:schemaLocation="http://www.loc.gov/MARC21/slim http://www.loc.gov/standards/marcxml/schema/MARC21slim.xsd"><leader>05011nam a2201021 c 4500</leader><controlfield tag="001">991000792469705502</controlfield><controlfield tag="005">20240229135448.0</controlfield><controlfield tag="008">201012s2014    sz |||||      01| ||eng| </controlfield><datafield ind1=" " ind2=" " tag="015"><subfield code="a">15,A08</subfield><subfield code="2">dnb</subfield></datafield><datafield ind1="7" ind2=" " tag="016"><subfield code="a">106119969X</subfield><subfield code="2">DE-101</subfield></datafield><datafield ind1=" " ind2=" " tag="020"><subfield code="a">9783038100126</subfield><subfield code="z">978038100126</subfield></datafield><datafield ind1=" " ind2=" " tag="020"><subfield code="a">9783038100126</subfield><subfield code="q">Hgewebe</subfield><subfield code="c">EUR 42.00 (DE), EUR 43.30 (AT), sfr 48.00 (freier Pr.)</subfield></datafield><datafield ind1=" " ind2=" " tag="020"><subfield code="z">978038100126</subfield><subfield code="q">falsche ISBN</subfield></datafield><datafield ind1="3" ind2=" " tag="024"><subfield code="a">9783038100126</subfield></datafield><datafield ind1="7" ind2=" " tag="024"><subfield code="a">http://catalogue.bnf.fr/ark:/12148/cb44304622g</subfield><subfield code="2">uri</subfield></datafield><datafield ind1=" " ind2=" " tag="035"><subfield code="a">(swissbib)237696290-41slsp_network</subfield></datafield><datafield ind1=" " ind2=" " tag="035"><subfield code="a">237696290</subfield><subfield code="9">ExL</subfield></datafield><datafield ind1=" " ind2=" " tag="035"><subfield code="a">(IDSLU)001233940ILU01</subfield></datafield><datafield ind1=" " ind2=" " tag="035"><subfield code="a">(RERO)R008049559-41slsp</subfield></datafield><datafield ind1=" " ind2=" " tag="035"><subfield code="a">(IDSBB)006323242DSV01</subfield></datafield><datafield ind1=" " ind2=" " tag="035"><subfield code="a">(NEBIS)010357458EBI01</subfield></datafield><datafield ind1=" " ind2=" " tag="035"><subfield code="a">(IDSSG)000702405HSB01</subfield></datafield><datafield ind1=" " ind2=" " tag="035"><subfield code="a">(DE-599)DNB106119969X</subfield></datafield><datafield ind1=" " ind2=" " tag="035"><subfield code="a">(OCoLC)897803897</subfield></datafield><datafield ind1=" " ind2=" " tag="035"><subfield code="a">(OCoLC)899367609</subfield></datafield><datafield ind1=" " ind2=" " tag="035"><subfield code="a">(EXLNZ-41SLSP_NETWORK)991113615779705501</subfield></datafield><datafield ind1=" " ind2=" " tag="040"><subfield code="a">1145</subfield><subfield code="b">ger</subfield><subfield code="e">rda</subfield><subfield code="d">CH-ZuSLS</subfield></datafield><datafield ind1="0" ind2=" " tag="041"><subfield code="a">eng</subfield></datafield><datafield ind1=" " ind2=" " tag="044"><subfield code="a">sz</subfield><subfield code="c">ch-zh</subfield></datafield><datafield ind1=" " ind2=" " tag="050"><subfield code="a">HD60 B979 2014</subfield></datafield><datafield ind1=" " ind2=" " tag="050"><subfield code="a">HD60.5</subfield><subfield code="b">. B979 2014</subfield></datafield><datafield ind1=" " ind2="7" tag="072"><subfield code="a">171</subfield><subfield code="2">IDS LU</subfield></datafield><datafield ind1=" " ind2="7" tag="072"><subfield code="a">se</subfield><subfield code="2">rero</subfield></datafield><datafield ind1=" " ind2="7" tag="072"><subfield code="a">wi</subfield><subfield code="2">SzZuIDS BS/BE</subfield></datafield><datafield ind1="0" ind2="4" tag="082"><subfield code="a">658.406</subfield><subfield code="q">DE-101</subfield><subfield code="2">22/ger</subfield></datafield><datafield ind1="1" ind2="4" tag="082"><subfield code="a">330</subfield><subfield code="2">15</subfield></datafield><datafield ind1=" " ind2=" " tag="084"><subfield code="a">650</subfield><subfield code="a">300</subfield><subfield code="2">sdnb</subfield></datafield><datafield ind1=" " ind2=" " tag="084"><subfield code="a">QC 020</subfield><subfield code="2">rvk</subfield></datafield><datafield ind1=" " ind2=" " tag="084"><subfield code="a">MS 1170</subfield><subfield code="2">rvk</subfield></datafield><datafield ind1="0" ind2="0" tag="245"><subfield code="a">Business in a changing society</subfield><subfield code="b">Festschrift for Peter Brabeck-Letmathe</subfield><subfield code="c">edited by Andreas Koopmann 1st Vice Chairman Nestlé SA</subfield></datafield><datafield ind1=" " ind2="1" tag="264"><subfield code="a">Zürich</subfield><subfield code="b">Neue Zürcher Zeitung Publishing</subfield><subfield code="c">[2014]</subfield></datafield><datafield ind1=" " ind2=" " tag="300"><subfield code="a">295 Seiten</subfield><subfield code="b">Diagramme</subfield><subfield code="c">25 cm</subfield></datafield><datafield ind1=" " ind2=" " tag="336"><subfield code="b">txt</subfield><subfield code="2">rdacontent</subfield></datafield><datafield ind1=" " ind2=" " tag="337"><subfield code="b">n</subfield><subfield code="2">rdamedia</subfield></datafield><datafield ind1=" " ind2=" " tag="338"><subfield code="b">nc</subfield><subfield code="2">rdacarrier</subfield></datafield><datafield ind1="0" ind2=" " tag="490"><subfield code="a">NZZ Libro</subfield></datafield><datafield ind1="3" ind2=" " tag="520"><subfield code="a">On the occasion of Peter Brabeck-Letmathe's 70th birthday a group of his friends invited 31 authors to contribute to this festschrift, honoring his great achievements in providing business leadership and contributing to public dialogue on important issues. Leaders from politics, academia, civil society and business who know Peter Brabeck draw a fascinating, multifaceted picture of the quality, speed and nature of the ongoing and often accelerating change taking place in society, technology and markets. It is a change that is not only relevant for him as chairman of Nestlé, but also for citizens and businesses around the world today, and in years to come.</subfield></datafield><datafield ind1="1" ind2="7" tag="600"><subfield code="a">Brabeck-Letmathe, Peter</subfield><subfield code="d">1944-</subfield><subfield code="0">(DE-588)14263980X</subfield><subfield code="2">gnd</subfield></datafield><datafield ind1="2" ind2="7" tag="610"><subfield code="a">Nestlé SA</subfield><subfield code="0">(DE-588)2070341-7</subfield><subfield code="2">gnd</subfield></datafield><datafield ind1=" " ind2="7" tag="650"><subfield code="a">Sociologie</subfield><subfield code="0">(IDREF)049647490</subfield><subfield code="2">idref</subfield></datafield><datafield ind1=" " ind2="7" tag="650"><subfield code="a">Société numérique</subfield><subfield code="0">(IDREF)035733438</subfield><subfield code="2">idref</subfield></datafield><datafield ind1=" " ind2="7" tag="650"><subfield code="a">Économie politique</subfield><subfield code="0">(IDREF)027790479</subfield><subfield code="2">idref</subfield></datafield><datafield ind1=" " ind2="7" tag="650"><subfield code="a">Gestion</subfield><subfield code="0">(IDREF)027467945</subfield><subfield code="2">idref</subfield></datafield><datafield ind1=" " ind2="7" tag="650"><subfield code="a">Affaires</subfield><subfield code="0">(IDREF)028205847</subfield><subfield code="2">idref</subfield></datafield><datafield ind1=" " ind2="7" tag="650"><subfield code="a">Unternehmen</subfield><subfield code="0">(DE-588)4061963-1</subfield><subfield code="2">gnd</subfield></datafield><datafield ind1=" " ind2="7" tag="650"><subfield code="a">Multinationales Unternehmen</subfield><subfield code="0">(DE-STW)12062-4</subfield><subfield code="2">stw</subfield></datafield><datafield ind1=" " ind2="7" tag="650"><subfield code="a">Management</subfield><subfield code="0">(DE-588)4037278-9</subfield><subfield code="2">gnd</subfield></datafield><datafield ind1=" " ind2="7" tag="650"><subfield code="a">Führungskraft</subfield><subfield code="0">(DE-588)4071497-4</subfield><subfield code="2">gnd</subfield></datafield><datafield ind1=" " ind2="0" tag="650"><subfield code="a">Festschriften</subfield></datafield><datafield ind1=" " ind2="7" tag="650"><subfield code="a">COLLECTIONS OF ESSAYS (TYPE OF DOCUMENT)</subfield><subfield code="9">eng</subfield><subfield code="0">(ETHUDK)000009249</subfield><subfield code="2">ethudk</subfield></datafield><datafield ind1=" " ind2="7" tag="650"><subfield code="a">GLOBALIZATION (ECONOMY)</subfield><subfield code="9">eng</subfield><subfield code="0">(ETHUDK)000060840</subfield><subfield code="2">ethudk</subfield></datafield><datafield ind1=" " ind2="7" tag="650"><subfield code="a">ORGANIZATIONAL DEVELOPMENT + ORGANIZATIONAL CHANGE (BUSINESS MANAGEMENT)</subfield><subfield code="9">eng</subfield><subfield code="0">(ETHUDK)000060115</subfield><subfield code="2">ethudk</subfield></datafield><datafield ind1=" " ind2="7" tag="650"><subfield code="a">PUBLICATIONS IN HONOUR OF INDIVIDUALS, ANNIVERSARY AND COMMEMORATIVE PUBLICATIONS FOR INDIVIDUALS (DOCUMENT TYPE)</subfield><subfield code="9">eng</subfield><subfield code="0">(ETHUDK)000009348</subfield><subfield code="2">ethudk</subfield></datafield><datafield ind1=" " ind2="7" tag="650"><subfield code="a">Globalisierung</subfield><subfield code="0">(DE-588)4557997-0</subfield><subfield code="2">gnd</subfield></datafield><datafield ind1=" " ind2="7" tag="650"><subfield code="a">Organisationswandel</subfield><subfield code="0">(DE-588)4075693-2</subfield><subfield code="2">gnd</subfield></datafield><datafield ind1=" " ind2="7" tag="650"><subfield code="a">Unternehmenskooperation</subfield><subfield code="0">(DE-588)4078604-3</subfield><subfield code="2">gnd</subfield></datafield><datafield ind1=" " ind2="7" tag="650"><subfield code="a">Unternehmenskultur</subfield><subfield code="0">(DE-588)4131484-0</subfield><subfield code="2">gnd</subfield></datafield><datafield ind1=" " ind2="7" tag="650"><subfield code="a">Sozioökonomischer Wandel</subfield><subfield code="0">(DE-588)4318539-3</subfield><subfield code="2">gnd</subfield></datafield><datafield ind1=" " ind2="0" tag="650"><subfield code="a">Industries</subfield><subfield code="x">Social aspects</subfield></datafield><datafield ind1=" " ind2="0" tag="650"><subfield code="a">Organizational change</subfield></datafield><datafield ind1=" " ind2="0" tag="650"><subfield code="a">Cooperation</subfield></datafield><datafield ind1=" " ind2="0" tag="650"><subfield code="a">Business networks</subfield></datafield><datafield ind1=" " ind2="0" tag="650"><subfield code="a">Globalization</subfield></datafield><datafield ind1=" " ind2="7" tag="655"><subfield code="a">Mélanges et hommages</subfield><subfield code="0">(IDREF)027414248</subfield><subfield code="2">idref</subfield></datafield><datafield ind1=" " ind2="7" tag="655"><subfield code="a">Aufsatzsammlung</subfield><subfield code="2">gnd-content</subfield></datafield><datafield ind1=" " ind2="7" tag="655"><subfield code="a">Festschrift</subfield><subfield code="2">gnd-content</subfield></datafield><datafield ind1=" " ind2=" " tag="690"><subfield code="a">Multinationales Unternehmen</subfield><subfield code="2">ubs-FC</subfield></datafield><datafield ind1="1" ind2=" " tag="700"><subfield code="a">Koopmann, Andreas</subfield><subfield code="d">1951-</subfield><subfield code="6">880-02</subfield><subfield code="0">(DE-588)1064553052</subfield><subfield code="e">Herausgeber</subfield><subfield code="4">edt</subfield></datafield><datafield ind1="1" ind2=" " tag="880"><subfield code="6">700-02</subfield><subfield code="a">Koopmann, Andreas</subfield><subfield code="0">(IDREF)18390771X</subfield></datafield><datafield ind1="1" ind2=" " tag="700"><subfield code="a">Brabeck-Letmathe, Peter</subfield><subfield code="d">1944-</subfield><subfield code="6">880-03</subfield><subfield code="0">(DE-588)14263980X</subfield><subfield code="e">Gefeierter</subfield><subfield code="4">hnr</subfield></datafield><datafield ind1="1" ind2=" " tag="880"><subfield code="6">700-03</subfield><subfield code="a">Brabeck-Letmathe, Peter</subfield><subfield code="d">1944-....</subfield><subfield code="0">(IDREF)183907876</subfield><subfield code="4">hnr</subfield></datafield><datafield ind1="4" ind2=" " tag="856"><subfield code="3">Titelblatt und Inhaltsverzeichnis</subfield><subfield code="u">https://toc.library.ethz.ch/objects/pdf03/e06_978-03810-012-6_01.pdf</subfield><subfield code="q">pdf</subfield></datafield><datafield ind1="4" ind2="2" tag="856"><subfield code="q">text/html</subfield><subfield code="u">https://deposit.dnb.de/cgi-bin/dokserv?id=4829905&amp;prov=M&amp;dok_var=1&amp;dok_ext=htm</subfield><subfield code="z">Inhaltstext</subfield></datafield><datafield ind1=" " ind2=" " tag="900"><subfield code="a">REROnoselfmerge</subfield></datafield><datafield ind1=" " ind2=" " tag="900"><subfield code="a">IDSE5E51ANH-2015</subfield></datafield><datafield ind1=" " ind2=" " tag="900"><subfield code="a">IDSZ1ZH</subfield></datafield><datafield ind1=" " ind2=" " tag="900"><subfield code="a">IDSZ2zbzmon201501p</subfield><subfield code="c">IDSZ2ehrl</subfield><subfield code="d">IDSZ2zbzswk201502g</subfield><subfield code="e">IDSZ2stet</subfield></datafield><datafield ind1=" " ind2=" " tag="949"><subfield code="a">https://toc.library.ethz.ch/objects/pdf03/e06_978-03810-012-6_01.pdf</subfield></datafield><datafield ind1=" " ind2=" " tag="949"><subfield code="a">https://deposit.dnb.de/cgi-bin/dokserv?id=4829905&amp;prov=M&amp;dok_var=1&amp;dok_ext=htm</subfield></datafield></record>
</metadata></record>