<record><header><identifier>oai:alma.41SLSP_UGE:991000792889705502</identifier><datestamp>2023-03-01T01:09:42Z</datestamp><setSpec>uge_bcen_RapidILL_BOOK</setSpec><setSpec>uge_aaca_RapidILL_BOOK</setSpec><setSpec>uge_abels_RapidILL_BOOK</setSpec><setSpec>uge_dbu_RapidILL_BOOK</setSpec><setSpec>uge_cmu_RapidILL_BOOK</setSpec><setSpec>uge_mail_RapidILL_BOOK</setSpec><setSpec>UNIGE_ALL</setSpec><setSpec>uge_abbat_RapidILL_BOOK</setSpec><setSpec>uge_aobs_RapidILL_BOOK</setSpec><setSpec>uge_acar_RapidILL_BOOK</setSpec></header><metadata>
<record xmlns="http://www.loc.gov/MARC21/slim" xmlns:xsi="http://www.w3.org/2001/XMLSchema-instance" xsi:schemaLocation="http://www.loc.gov/MARC21/slim http://www.loc.gov/standards/marcxml/schema/MARC21slim.xsd"><leader>01752nam a2200493uc 4500</leader><controlfield tag="001">991000792889705502</controlfield><controlfield tag="005">20201229205734.0</controlfield><controlfield tag="008">201011m19951996xxu           00| | eng|d</controlfield><datafield ind1=" " ind2=" " tag="020"><subfield code="a">069103334X</subfield><subfield code="q">Part. 1</subfield></datafield><datafield ind1=" " ind2=" " tag="020"><subfield code="a">0691026335</subfield><subfield code="q">Part. 2</subfield></datafield><datafield ind1=" " ind2=" " tag="035"><subfield code="a">(swissbib)219162743-41slsp_network</subfield></datafield><datafield ind1=" " ind2=" " tag="035"><subfield code="a">219162743</subfield><subfield code="9">ExL</subfield></datafield><datafield ind1=" " ind2=" " tag="035"><subfield code="a">(NEBIS)001472183EBI01</subfield></datafield><datafield ind1=" " ind2=" " tag="035"><subfield code="a">(RERO)2092795-41slsp</subfield></datafield><datafield ind1=" " ind2=" " tag="035"><subfield code="a">(EXLNZ-41SLSP_NETWORK)991069221199705501</subfield></datafield><datafield ind1=" " ind2=" " tag="040"><subfield code="a">ZBZ</subfield><subfield code="b">ger</subfield><subfield code="e">ETHICS-ISBD</subfield><subfield code="d">CH-ZuSLS</subfield></datafield><datafield ind1=" " ind2="7" tag="072"><subfield code="a">ar</subfield><subfield code="2">rero</subfield></datafield><datafield ind1="1" ind2=" " tag="080"><subfield code="a">904(391.8)</subfield></datafield><datafield ind1="0" ind2="0" tag="082"><subfield code="a">939/.18</subfield><subfield code="2">20</subfield></datafield><datafield ind1="0" ind2="0" tag="245"><subfield code="a">&lt;&lt;The&gt;&gt; Kommos region and houses of the Minoan town</subfield><subfield code="c">ed. by Joseph W. Shaw and Maria C. Shaw ; with contrib. by John Bennet ... [et al.]</subfield></datafield><datafield ind1=" " ind2="1" tag="264"><subfield code="a">Princeton (N.J.)</subfield><subfield code="b">Princeton University Press</subfield><subfield code="c">1995-1996</subfield></datafield><datafield ind1=" " ind2=" " tag="300"><subfield code="a">2 parts</subfield><subfield code="b">ill.</subfield></datafield><datafield ind1=" " ind2=" " tag="336"><subfield code="b">txt</subfield><subfield code="2">rdacontent</subfield></datafield><datafield ind1=" " ind2=" " tag="337"><subfield code="b">n</subfield><subfield code="2">rdamedia</subfield></datafield><datafield ind1=" " ind2=" " tag="338"><subfield code="b">nc</subfield><subfield code="2">rdacarrier</subfield></datafield><datafield ind1="1" ind2=" " tag="490"><subfield code="a">Kommos</subfield><subfield code="v">vol. 1</subfield></datafield><datafield ind1="0" ind2="0" tag="505"><subfield code="g">Part 1</subfield><subfield code="t">&lt;&lt;The&gt;&gt; Kommos region, ecology, and Minoan industries</subfield></datafield><datafield ind1="0" ind2="0" tag="505"><subfield code="g">Part 2</subfield><subfield code="t">&lt;&lt;The&gt;&gt; Minoan Hilltop and Hillside houses</subfield></datafield><datafield ind1=" " ind2="7" tag="648"><subfield code="a">Geschichte 1950-2000</subfield><subfield code="2">idszbz</subfield></datafield><datafield ind1=" " ind2="7" tag="648"><subfield code="a">Geschichte 1976-1985</subfield><subfield code="2">idszbz</subfield></datafield><datafield ind1=" " ind2="7" tag="650"><subfield code="a">Ausgrabung</subfield><subfield code="2">idszbz</subfield></datafield><datafield ind1=" " ind2="7" tag="650"><subfield code="a">Ausgrabung</subfield><subfield code="0">(DE-588)4129464-6</subfield><subfield code="2">gnd</subfield></datafield><datafield ind1=" " ind2="7" tag="650"><subfield code="a">Minoische Kultur</subfield><subfield code="0">(DE-588)4074845-5</subfield><subfield code="2">gnd</subfield></datafield><datafield ind1=" " ind2="0" tag="650"><subfield code="a">Excavations (Archaeology)</subfield><subfield code="z">Greece</subfield><subfield code="z">Kommos Site</subfield></datafield><datafield ind1=" " ind2="0" tag="650"><subfield code="a">Kommos Site (Greece)</subfield></datafield><datafield ind1=" " ind2="0" tag="650"><subfield code="a">Minoans</subfield></datafield><datafield ind1=" " ind2="0" tag="650"><subfield code="a">Pottery, Minoan</subfield></datafield><datafield ind1=" " ind2="7" tag="651"><subfield code="a">Griechenland</subfield><subfield code="2">idszbz</subfield></datafield><datafield ind1=" " ind2="7" tag="651"><subfield code="a">Kommos</subfield><subfield code="2">idszbz</subfield></datafield><datafield ind1=" " ind2="7" tag="651"><subfield code="a">Kommos</subfield><subfield code="0">(DE-588)4243588-2</subfield><subfield code="2">gnd</subfield></datafield><datafield ind1=" " ind2="0" tag="651"><subfield code="a">Kommos Site (Greece)</subfield></datafield><datafield ind1="1" ind2=" " tag="700"><subfield code="a">Shaw, Joseph W.</subfield><subfield code="d">1935-</subfield><subfield code="0">(DE-588)135804078</subfield></datafield><datafield ind1=" " ind2=" " tag="830"><subfield code="a">Kommos</subfield><subfield code="v">1</subfield><subfield code="w">(NEBIS)001001136EBI01</subfield></datafield><datafield ind1=" " ind2=" " tag="830"><subfield code="a">Kommos</subfield><subfield code="v">1,1,1,2</subfield><subfield code="w">(RERO)1318840-41slsp</subfield></datafield><datafield ind1=" " ind2=" " tag="900"><subfield code="a">REROnoselfmerge</subfield></datafield></record>
</metadata></record>