<record><header><identifier>oai:alma.41SLSP_UGE:991000792789705502</identifier><datestamp>2024-06-15T00:29:15Z</datestamp><setSpec>uge_bcen_RapidILL_BOOK</setSpec><setSpec>uge_aaca_RapidILL_BOOK</setSpec><setSpec>uge_abels_RapidILL_BOOK</setSpec><setSpec>uge_dbu_RapidILL_BOOK</setSpec><setSpec>uge_cmu_RapidILL_BOOK</setSpec><setSpec>uge_mail_RapidILL_BOOK</setSpec><setSpec>uge_abbat_RapidILL_BOOK</setSpec><setSpec>UNIGE_ALL</setSpec><setSpec>uge_aobs_RapidILL_BOOK</setSpec><setSpec>uge_acar_RapidILL_BOOK</setSpec></header><metadata>
<record xmlns="http://www.loc.gov/MARC21/slim" xmlns:xsi="http://www.w3.org/2001/XMLSchema-instance" xsi:schemaLocation="http://www.loc.gov/MARC21/slim http://www.loc.gov/standards/marcxml/schema/MARC21slim.xsd"><leader>01134nam a2200277 c 4500</leader><controlfield tag="001">991000792789705502</controlfield><controlfield tag="005">20240613095049.0</controlfield><controlfield tag="008">001222s1886    fr ||||| |||| 00| ||fre d</controlfield><datafield ind1=" " ind2=" " tag="035"><subfield code="a">(swissbib)085405108-41slsp_network</subfield></datafield><datafield ind1=" " ind2=" " tag="035"><subfield code="a">085405108</subfield><subfield code="9">ExL</subfield></datafield><datafield ind1=" " ind2=" " tag="035"><subfield code="a">(RERO)1354068-41slsp</subfield></datafield><datafield ind1=" " ind2=" " tag="035"><subfield code="a">(EXLNZ-41SLSP_NETWORK)991068436369705501</subfield></datafield><datafield ind1=" " ind2=" " tag="040"><subfield code="a">RERO gevbaa</subfield><subfield code="d">CH-ZuSLS</subfield></datafield><datafield ind1="1" ind2=" " tag="041"><subfield code="a">fre</subfield><subfield code="h">dut</subfield></datafield><datafield ind1=" " ind2="7" tag="072"><subfield code="a">or</subfield><subfield code="2">rero</subfield></datafield><datafield ind1="1" ind2=" " tag="100"><subfield code="a">De Groot, Jan Jakob Maria</subfield><subfield code="d">1854-1921</subfield><subfield code="0">(IDREF)104585544</subfield><subfield code="4">aut</subfield></datafield><datafield ind1="1" ind2="0" tag="245"><subfield code="a">&lt;&lt;Les&gt;&gt; fêtes annuellement célébrées à Émoui (Amoy)</subfield><subfield code="b">étude concernant la religion populaire des chinois</subfield><subfield code="c">par J.J.M. de Groot ; trad. du hollandais, avec le concours de l'auteur, par C.G. Chavannes ; ill. par Félix Régamey</subfield></datafield><datafield ind1=" " ind2="1" tag="264"><subfield code="a">Paris</subfield><subfield code="b">E. Leroux</subfield><subfield code="c">1886</subfield></datafield><datafield ind1=" " ind2=" " tag="300"><subfield code="a">2 vol. (832 p., XXIV f. de pl.)</subfield><subfield code="b">ill.</subfield><subfield code="c">29 cm</subfield></datafield><datafield ind1=" " ind2=" " tag="336"><subfield code="b">txt</subfield><subfield code="2">rdacontent</subfield></datafield><datafield ind1=" " ind2=" " tag="337"><subfield code="b">n</subfield><subfield code="2">rdamedia</subfield></datafield><datafield ind1=" " ind2=" " tag="338"><subfield code="b">nc</subfield><subfield code="2">rdacarrier</subfield></datafield><datafield ind1="1" ind2=" " tag="490"><subfield code="a">Annales du Musée Guimet</subfield><subfield code="v">t. 11-12</subfield></datafield><datafield ind1="1" ind2=" " tag="700"><subfield code="a">Chavannes, César-Gustave</subfield><subfield code="d">1832-1909</subfield><subfield code="0">(IDREF)121445933</subfield><subfield code="4">trl</subfield></datafield><datafield ind1="1" ind2=" " tag="700"><subfield code="a">Regamey, Félix</subfield><subfield code="0">(RERO)A003733092</subfield></datafield><datafield ind1=" " ind2="0" tag="830"><subfield code="a">Annales du Musée Guimet</subfield><subfield code="v">11-12</subfield><subfield code="w">(RERO)0618045-41slsp</subfield></datafield><datafield ind1=" " ind2=" " tag="900"><subfield code="a">REROnoselfmerge</subfield></datafield></record>
</metadata></record>