<record><header><identifier>oai:alma.41SLSP_UGE:991000792819705502</identifier><datestamp>2023-03-01T01:09:42Z</datestamp><setSpec>uge_bcen_RapidILL_BOOK</setSpec><setSpec>uge_aaca_RapidILL_BOOK</setSpec><setSpec>uge_abels_RapidILL_BOOK</setSpec><setSpec>uge_dbu_RapidILL_BOOK</setSpec><setSpec>uge_cmu_RapidILL_BOOK</setSpec><setSpec>uge_mail_RapidILL_BOOK</setSpec><setSpec>UNIGE_ALL</setSpec><setSpec>uge_abbat_RapidILL_BOOK</setSpec><setSpec>uge_aobs_RapidILL_BOOK</setSpec><setSpec>uge_acar_RapidILL_BOOK</setSpec></header><metadata>
<record xmlns="http://www.loc.gov/MARC21/slim" xmlns:xsi="http://www.w3.org/2001/XMLSchema-instance" xsi:schemaLocation="http://www.loc.gov/MARC21/slim http://www.loc.gov/standards/marcxml/schema/MARC21slim.xsd"><leader>01399naa a2200265 c 4500</leader><controlfield tag="001">991000792819705502</controlfield><controlfield tag="005">20210207120901.0</controlfield><controlfield tag="008">000915s1998    sz ||||| |||| 10| ||ger d</controlfield><datafield ind1=" " ind2=" " tag="035"><subfield code="a">(swissbib)094280312-41slsp_network</subfield></datafield><datafield ind1=" " ind2=" " tag="035"><subfield code="a">094280312</subfield><subfield code="9">ExL</subfield></datafield><datafield ind1=" " ind2=" " tag="035"><subfield code="a">(RERO)R246848760-41slsp</subfield></datafield><datafield ind1=" " ind2=" " tag="035"><subfield code="a">(EXLNZ-41SLSP_NETWORK)991053333679705501</subfield></datafield><datafield ind1=" " ind2=" " tag="040"><subfield code="a">RERO neubfd</subfield><subfield code="d">CH-ZuSLS</subfield></datafield><datafield ind1=" " ind2=" " tag="044"><subfield code="a">sz</subfield><subfield code="c">ch-be</subfield></datafield><datafield ind1=" " ind2="7" tag="072"><subfield code="a">dr</subfield><subfield code="2">rero</subfield></datafield><datafield ind1=" " ind2=" " tag="084"><subfield code="a">A 61.1 i</subfield><subfield code="2">cjurrom</subfield></datafield><datafield ind1=" " ind2=" " tag="084"><subfield code="a">D 37.1 i</subfield><subfield code="2">cjurrom</subfield></datafield><datafield ind1="1" ind2=" " tag="100"><subfield code="a">Reichenau, Christoph</subfield><subfield code="d">1945-....</subfield><subfield code="0">(IDREF)161580076</subfield><subfield code="4">cre</subfield></datafield><datafield ind1="1" ind2="0" tag="245"><subfield code="a">Unidroit</subfield><subfield code="b">ein weiterer richtiger Schritt</subfield><subfield code="c">Christoph Reichenau</subfield></datafield><datafield ind1=" " ind2=" " tag="336"><subfield code="b">txt</subfield><subfield code="2">rdacontent</subfield></datafield><datafield ind1=" " ind2=" " tag="337"><subfield code="b">n</subfield><subfield code="2">rdamedia</subfield></datafield><datafield ind1=" " ind2=" " tag="338"><subfield code="b">nc</subfield><subfield code="2">rdacarrier</subfield></datafield><datafield ind1=" " ind2=" " tag="580"><subfield code="a">In: Unidroit : Recht und Ethik im Handel mit Kulturgut : Tagung der Schweizerischen Akademie der Geistes- und Sozialwissenschaften, gemeinsam mit der Schweizerischen Ethnologischen Gesellschaft : Bern, den 27. Juni 1998. - Bern : Schweizerische Akademie der Geistes- und Sozialwissenschaften, cop. 1998. - S. 47-52</subfield></datafield><datafield ind1="2" ind2="7" tag="611"><subfield code="a">Convention d'Unidroit sur les biens culturels volés ou illicitement exportés</subfield><subfield code="d">1995</subfield><subfield code="c">Rome</subfield><subfield code="0">(RERO)A010197818</subfield><subfield code="2">rero</subfield></datafield><datafield ind1="0" ind2=" " tag="773"><subfield code="t">Unidroit : Recht und Ethik im Handel mit Kulturgut : Tagung der Schweizerischen Akademie der Geistes- und Sozialwissenschaften, gemeinsam mit der Schweizerischen Ethnologischen Gesellschaft : Bern, den 27. Juni 1998</subfield><subfield code="g">47</subfield><subfield code="w">(RERO)R243244260-41slsp</subfield></datafield><datafield ind1=" " ind2=" " tag="900"><subfield code="a">REROnoselfmerge</subfield></datafield></record>
</metadata></record>