<record><header><identifier>oai:alma.41SLSP_UGE:991000792089705502</identifier><datestamp>2023-07-01T00:25:48Z</datestamp><setSpec>uge_bcen_RapidILL_BOOK</setSpec><setSpec>uge_aaca_RapidILL_BOOK</setSpec><setSpec>uge_abels_RapidILL_BOOK</setSpec><setSpec>uge_dbu_RapidILL_BOOK</setSpec><setSpec>uge_cmu_RapidILL_BOOK</setSpec><setSpec>uge_mail_RapidILL_BOOK</setSpec><setSpec>uge_abbat_RapidILL_BOOK</setSpec><setSpec>UNIGE_ALL</setSpec><setSpec>uge_acar_RapidILL_BOOK</setSpec><setSpec>uge_aobs_RapidILL_BOOK</setSpec></header><metadata>
<record xmlns="http://www.loc.gov/MARC21/slim" xmlns:xsi="http://www.w3.org/2001/XMLSchema-instance" xsi:schemaLocation="http://www.loc.gov/MARC21/slim http://www.loc.gov/standards/marcxml/schema/MARC21slim.xsd"><leader>04465nam a2200565uc 4500</leader><controlfield tag="001">991000792089705502</controlfield><controlfield tag="005">20230630121934.0</controlfield><controlfield tag="008">201011s1999    fr ||||| |||| 00| ||fre d</controlfield><datafield ind1=" " ind2=" " tag="020"><subfield code="a">2745301020</subfield><subfield code="q">T. 6</subfield></datafield><datafield ind1="7" ind2=" " tag="024"><subfield code="a">http://catalogue.bnf.fr/ark:/12148/cb369767388</subfield><subfield code="2">uri</subfield></datafield><datafield ind1=" " ind2=" " tag="035"><subfield code="a">(swissbib)224081918-41slsp_network</subfield></datafield><datafield ind1=" " ind2=" " tag="035"><subfield code="a">224081918</subfield><subfield code="9">ExL</subfield></datafield><datafield ind1=" " ind2=" " tag="035"><subfield code="a">(IDSBB)001624874DSV01</subfield></datafield><datafield ind1=" " ind2=" " tag="035"><subfield code="a">(IDSSG)000150098HSB01</subfield></datafield><datafield ind1=" " ind2=" " tag="035"><subfield code="a">(RERO)R247472860-41slsp</subfield></datafield><datafield ind1=" " ind2=" " tag="035"><subfield code="a">(EXLNZ-41SLSP_NETWORK)991040074199705501</subfield></datafield><datafield ind1=" " ind2=" " tag="040"><subfield code="a">SzZuIDS BS/BE B498</subfield><subfield code="b">ger</subfield><subfield code="e">kids</subfield><subfield code="d">CH-ZuSLS</subfield></datafield><datafield ind1=" " ind2=" " tag="044"><subfield code="a">sz</subfield><subfield code="c">ch-ge</subfield></datafield><datafield ind1=" " ind2="7" tag="072"><subfield code="a">fl</subfield><subfield code="2">SzZuIDS BS/BE</subfield></datafield><datafield ind1=" " ind2="7" tag="072"><subfield code="a">fr</subfield><subfield code="2">rero</subfield></datafield><datafield ind1="1" ind2=" " tag="080"><subfield code="a">840&quot;18&quot;BAN.T1</subfield></datafield><datafield ind1="1" ind2="4" tag="082"><subfield code="a">840</subfield><subfield code="2">15</subfield></datafield><datafield ind1=" " ind2=" " tag="084"><subfield code="a">IG 5400</subfield><subfield code="2">rvk</subfield></datafield><datafield ind1="1" ind2=" " tag="100"><subfield code="a">Banville, Théodore &lt;&lt;de&gt;&gt;</subfield><subfield code="d">1823-1891</subfield><subfield code="0">(DE-588)119080389</subfield><subfield code="6">880-01</subfield></datafield><datafield ind1="1" ind2=" " tag="880"><subfield code="6">100-01</subfield><subfield code="a">Banville, Théodore de</subfield><subfield code="d">1823-1891</subfield><subfield code="0">(IDREF)031060978</subfield><subfield code="4">cre</subfield></datafield><datafield ind1="1" ind2="0" tag="245"><subfield code="a">Idylles prussiennes</subfield><subfield code="b">; Trente-six ballades joyeuses ; Rondels</subfield><subfield code="c">Théodore de Banville ; texte établi, notices, variantes et notes par Philippe Andrès ; Roses de Noël / Théodore de Banville ; texte établi, notices, variantes et notes par Rosemary Lloyd</subfield></datafield><datafield ind1=" " ind2=" " tag="250"><subfield code="a">édition critique</subfield></datafield><datafield ind1=" " ind2="1" tag="264"><subfield code="c">1999</subfield></datafield><datafield ind1=" " ind2=" " tag="300"><subfield code="a">IV, 724 S., 16 S. Taf.</subfield><subfield code="b">Ill.</subfield></datafield><datafield ind1=" " ind2=" " tag="336"><subfield code="b">txt</subfield><subfield code="2">rdacontent</subfield></datafield><datafield ind1=" " ind2=" " tag="337"><subfield code="b">n</subfield><subfield code="2">rdamedia</subfield></datafield><datafield ind1=" " ind2=" " tag="338"><subfield code="b">nc</subfield><subfield code="2">rdacarrier</subfield></datafield><datafield ind1="1" ind2=" " tag="490"><subfield code="a">Oeuvres poétiques complètes / Théodore de Banville</subfield><subfield code="v">tome 6</subfield></datafield><datafield ind1="1" ind2=" " tag="490"><subfield code="a">Textes de littérature moderne et contemporaine</subfield><subfield code="v">31</subfield></datafield><datafield ind1=" " ind2=" " tag="690"><subfield code="a">Rose; Variante; Mädchen; Idylle; Mütter; Waschmaschine; Index; Kritik; Taube; Poesie; Träne; Blume; Hund; Jungfrau; Löwe; Paris; Väter; Alptraum; Exil; Gedicht; Kabarett; Schicksal; Traum; Kanone; Lilie; Pfeil; Schlüssel; Schwert; Wein; Engel; Esel; Freund; Held; Marmor; Schwester; Sperling; Weihnachten; Arbeit; Chronologie; Frühling; Gott; Graf; Häuptling; Kaiser; Monarch; Mond; Schneider; Seele; Sommer; Vaterland; Versand; Wirt; Abbildung; Ansteckung; Apparat; Attila; Charles; Dämmerung; Ernährungsberuf; Haar; Hauspersonal; Horn; Kaffee; Karyatide; Lehre; Lippe; Metall; Orleans; Sonne; Sänger; Tee; Vertrieb; Wasser; Winter; Ärzte</subfield><subfield code="2">idssg-J</subfield></datafield><datafield ind1=" " ind2=" " tag="690"><subfield code="a">Weihnachtsrose; Launengott; Ortsname; Winterblume; Arbeiterliebe; Doppelballad; Kriegskompanie; Marmorkrieger; Meisterherausgeber; Prosadokument; Rotbarbe</subfield><subfield code="2">idssg-J</subfield></datafield><datafield ind1=" " ind2=" " tag="690"><subfield code="a">literarische Anspielung; doppelte Ballad; erstellter Text; freudige Ballad; freudige Kritik; fröhliches Horn; ganze Seele; geehrter Meisterherausgeber; gefälschter Versand; glückliche Ballad; goldenes Haar; grünes Monster; gut Nanny; gute Arbeiterliebe; gute Lehre; guter Leute; gutes Mädchen; heilig Buverie; heilige Jungfrau; heilige Stadt; herrische Schönheit; kleines Mädchen; kritischer Apparat; kritische Ausgabe; künstlerische Anspielung; makellose Lilie; mysteriöser Wirt; poetische Arbeit; preußische Idylle; preußische Kritik; prussisch IDYLEN; schön Châlonnaises; schön Viroise; sterile Arbeit; süße Träne; totes Kind; toter Preuße; verachtete Poesie; verlorener Hund; verlorenes Kind; wilder Lorbeer; zitierter Ortsname</subfield><subfield code="2">idssg-J</subfield></datafield><datafield ind1=" " ind2=" " tag="690"><subfield code="a">Frankreich C4EUFR; Deutschland C4EUGE; Schweiz C4EXSI</subfield><subfield code="2">idssg-J</subfield></datafield><datafield ind1=" " ind2=" " tag="690"><subfield code="a">Armand Silvestre; Banville; Charles Asselineau; erstellt Texte Bekanntmachungen Varianten; Frankreich Éditions Slatkine Genf Vorwort; Frau Lorraine; George Rochegrosse; Graf Fourrier; Henri Régnault; IDYLEN ROUSSET ILDEFONSE; Lloyd; Le Hâvrede Grâce; MALAQUAIS VIe; Marguerite Schneider; Mutter Madame Élisabeth Zélie; Peter EDWARDS Band; Philippe ANDRES; Paris; Petite Véronique; Sommer; Victor Hugo Vater</subfield><subfield code="2">idssg-J</subfield></datafield><datafield ind1="1" ind2=" " tag="700"><subfield code="a">Edwards, Peter J.</subfield><subfield code="d">1941-....</subfield><subfield code="0">(IDREF)032933371</subfield></datafield><datafield ind1="1" ind2=" " tag="700"><subfield code="a">Lloyd, Rosemary</subfield><subfield code="d">1949-....</subfield><subfield code="0">(IDREF)030596556</subfield></datafield><datafield ind1="1" ind2=" " tag="700"><subfield code="a">Andrès, Philippe</subfield><subfield code="d">1957-....</subfield><subfield code="0">(IDREF)050139959</subfield></datafield><datafield ind1="0" ind2="2" tag="740"><subfield code="a">Trente-six ballades joyeuses</subfield></datafield><datafield ind1="0" ind2="2" tag="740"><subfield code="a">Rondels</subfield></datafield><datafield ind1="0" ind2="2" tag="740"><subfield code="a">Roses de Noël</subfield></datafield><datafield ind1="4" ind2=" " tag="856"><subfield code="u">https://tools.unisg.ch/url/hm00465342</subfield><subfield code="z">Inhaltsverzeichnis</subfield></datafield><datafield ind1="1" ind2=" " tag="800"><subfield code="a">Banville, Théodore &lt;&lt;de&gt;&gt;</subfield><subfield code="d">1823-1891</subfield><subfield code="t">Oeuvres poétiques complètes</subfield><subfield code="v">6</subfield><subfield code="w">(IDSBB)001189561DSV01</subfield></datafield><datafield ind1=" " ind2="0" tag="830"><subfield code="a">Textes de littérature moderne et contemporaine</subfield><subfield code="v">31</subfield><subfield code="w">(IDSBB)001170799DSV01</subfield></datafield><datafield ind1=" " ind2="0" tag="830"><subfield code="a">Textes de littérature moderne et contemporaine</subfield><subfield code="v">31</subfield><subfield code="w">(RERO)1997240-41slsp</subfield></datafield><datafield ind1="1" ind2=" " tag="800"><subfield code="a">Banville, Théodore de</subfield><subfield code="t">Oeuvres poétiques complètes</subfield><subfield code="v">6</subfield><subfield code="w">(IDSSG)000137164HSB01</subfield></datafield><datafield ind1=" " ind2=" " tag="949"><subfield code="a">https://tools.unisg.ch/url/hm00465342</subfield></datafield></record>
</metadata></record>