<record><header><identifier>oai:alma.41SLSP_UGE:991000792609705502</identifier><datestamp>2023-03-01T01:09:42Z</datestamp><setSpec>uge_bcen_RapidILL_BOOK</setSpec><setSpec>uge_aaca_RapidILL_BOOK</setSpec><setSpec>uge_abels_RapidILL_BOOK</setSpec><setSpec>uge_dbu_RapidILL_BOOK</setSpec><setSpec>uge_cmu_RapidILL_BOOK</setSpec><setSpec>uge_mail_RapidILL_BOOK</setSpec><setSpec>UNIGE_ALL</setSpec><setSpec>uge_abbat_RapidILL_BOOK</setSpec><setSpec>uge_acar_RapidILL_BOOK</setSpec><setSpec>uge_aobs_RapidILL_BOOK</setSpec></header><metadata>
<record xmlns="http://www.loc.gov/MARC21/slim" xmlns:xsi="http://www.w3.org/2001/XMLSchema-instance" xsi:schemaLocation="http://www.loc.gov/MARC21/slim http://www.loc.gov/standards/marcxml/schema/MARC21slim.xsd"><leader>01574nam a22004817c 4500</leader><controlfield tag="001">991000792609705502</controlfield><controlfield tag="005">20201125195617.0</controlfield><controlfield tag="008">201011s2001    xxu||||| |||| 00| ||eng d</controlfield><datafield ind1=" " ind2=" " tag="010"><subfield code="a">00056540</subfield></datafield><datafield ind1=" " ind2=" " tag="020"><subfield code="a">0781723892</subfield><subfield code="q">hard cover</subfield></datafield><datafield ind1=" " ind2=" " tag="035"><subfield code="a">(swissbib)231645813-41slsp_network</subfield></datafield><datafield ind1=" " ind2=" " tag="035"><subfield code="a">231645813</subfield><subfield code="9">ExL</subfield></datafield><datafield ind1=" " ind2=" " tag="035"><subfield code="a">(RERO)R003941781-41slsp</subfield></datafield><datafield ind1=" " ind2=" " tag="035"><subfield code="a">(NEBIS)004192084EBI01</subfield></datafield><datafield ind1=" " ind2=" " tag="035"><subfield code="a">(DNLM)100958102</subfield></datafield><datafield ind1=" " ind2=" " tag="035"><subfield code="a">(EXLNZ-41SLSP_NETWORK)991049250949705501</subfield></datafield><datafield ind1=" " ind2=" " tag="040"><subfield code="a">RERO geucmu</subfield><subfield code="d">CH-ZuSLS</subfield></datafield><datafield ind1=" " ind2=" " tag="050"><subfield code="a">RC874</subfield><subfield code="b">.D86 2001</subfield></datafield><datafield ind1=" " ind2=" " tag="060"><subfield code="a">WJ 141</subfield><subfield code="b">T355 2000</subfield></datafield><datafield ind1=" " ind2="7" tag="072"><subfield code="a">me</subfield><subfield code="2">rero</subfield></datafield><datafield ind1="0" ind2="0" tag="082"><subfield code="a">616.6/0757</subfield><subfield code="2">21</subfield></datafield><datafield ind1="0" ind2="0" tag="245"><subfield code="a">Textbook of uroradiology</subfield><subfield code="c">N. Reed Dunnick... [et al.]</subfield></datafield><datafield ind1=" " ind2=" " tag="250"><subfield code="a">3rd ed.</subfield></datafield><datafield ind1=" " ind2="1" tag="264"><subfield code="a">Philadelphia [etc.]</subfield><subfield code="b">Lippincott Williams &amp; Wilkins</subfield><subfield code="c">[2001]</subfield></datafield><datafield ind1=" " ind2="4" tag="264"><subfield code="c">© 2001</subfield></datafield><datafield ind1=" " ind2=" " tag="300"><subfield code="a">X, 532 p.</subfield><subfield code="b">ill.</subfield><subfield code="c">29 cm</subfield></datafield><datafield ind1=" " ind2=" " tag="336"><subfield code="b">txt</subfield><subfield code="2">rdacontent</subfield></datafield><datafield ind1=" " ind2=" " tag="337"><subfield code="b">n</subfield><subfield code="2">rdamedia</subfield></datafield><datafield ind1=" " ind2=" " tag="338"><subfield code="b">nc</subfield><subfield code="2">rdacarrier</subfield></datafield><datafield ind1=" " ind2="2" tag="650"><subfield code="a">Urologic Diseases</subfield><subfield code="x">radiography</subfield></datafield><datafield ind1=" " ind2="2" tag="650"><subfield code="a">Genital Diseases, Male</subfield><subfield code="x">radiography</subfield></datafield><datafield ind1=" " ind2="2" tag="650"><subfield code="a">Urography</subfield></datafield><datafield ind1=" " ind2="7" tag="650"><subfield code="a">Bildgebendes Verfahren</subfield><subfield code="2">idszbz</subfield></datafield><datafield ind1=" " ind2="7" tag="650"><subfield code="a">Urogenitalkrankheit</subfield><subfield code="2">idszbz</subfield></datafield><datafield ind1=" " ind2="0" tag="650"><subfield code="a">Genital Diseases, Male</subfield><subfield code="x">radiography</subfield></datafield><datafield ind1=" " ind2="0" tag="650"><subfield code="a">Genitourinary organs</subfield><subfield code="x">Diseases</subfield><subfield code="x">Diagnosis</subfield></datafield><datafield ind1=" " ind2="0" tag="650"><subfield code="a">Genitourinary organs</subfield><subfield code="x">Radiography</subfield></datafield><datafield ind1=" " ind2="0" tag="650"><subfield code="a">Urography</subfield></datafield><datafield ind1=" " ind2="0" tag="650"><subfield code="a">Urologic Diseases</subfield><subfield code="x">radiography</subfield></datafield><datafield ind1=" " ind2="7" tag="650"><subfield code="a">Röntgendiagnostik</subfield><subfield code="0">(DE-588)4139158-5</subfield><subfield code="2">gnd</subfield></datafield><datafield ind1=" " ind2="7" tag="650"><subfield code="a">Urogenitalsystem</subfield><subfield code="0">(DE-588)4132474-2</subfield><subfield code="2">gnd</subfield></datafield><datafield ind1="1" ind2=" " tag="700"><subfield code="a">Dunnick, N. Reed</subfield><subfield code="0">(RERO)A011781761</subfield></datafield><datafield ind1=" " ind2=" " tag="900"><subfield code="a">REROnoselfmerge</subfield></datafield><datafield ind1=" " ind2=" " tag="900"><subfield code="d">IDSZ2zbzswk200112b</subfield><subfield code="e">IDSZ2lehh</subfield></datafield></record>
</metadata></record>