<record><header><identifier>oai:alma.41SLSP_UGE:991000793029705502</identifier><datestamp>2024-04-11T00:27:52Z</datestamp><setSpec>uge_bcen_RapidILL_BOOK</setSpec><setSpec>uge_aaca_RapidILL_BOOK</setSpec><setSpec>uge_abels_RapidILL_BOOK</setSpec><setSpec>uge_dbu_RapidILL_BOOK</setSpec><setSpec>uge_cmu_RapidILL_BOOK</setSpec><setSpec>uge_mail_RapidILL_BOOK</setSpec><setSpec>uge_abbat_RapidILL_BOOK</setSpec><setSpec>UNIGE_ALL</setSpec><setSpec>uge_aobs_RapidILL_BOOK</setSpec><setSpec>uge_acar_RapidILL_BOOK</setSpec></header><metadata>
<record xmlns="http://www.loc.gov/MARC21/slim" xmlns:xsi="http://www.w3.org/2001/XMLSchema-instance" xsi:schemaLocation="http://www.loc.gov/MARC21/slim http://www.loc.gov/standards/marcxml/schema/MARC21slim.xsd"><leader>11821nam a2200853 c 4500</leader><controlfield tag="001">991000793029705502</controlfield><controlfield tag="005">20240410143532.0</controlfield><controlfield tag="008">201011s2001    gw ||||| |||| 00| ||ger d</controlfield><datafield ind1=" " ind2=" " tag="015"><subfield code="a">GFR-CIP-01,N24</subfield><subfield code="a">DNB-01,N24,0208</subfield></datafield><datafield ind1="7" ind2=" " tag="016"><subfield code="a">961344725</subfield><subfield code="2">GyFmDB</subfield></datafield><datafield ind1=" " ind2=" " tag="020"><subfield code="a">3789070033</subfield><subfield code="c">Gb</subfield></datafield><datafield ind1=" " ind2=" " tag="035"><subfield code="a">(swissbib)232257876-41slsp_network</subfield></datafield><datafield ind1=" " ind2=" " tag="035"><subfield code="a">232257876</subfield><subfield code="9">ExL</subfield></datafield><datafield ind1=" " ind2=" " tag="035"><subfield code="a">(RERO)R003212353-41slsp</subfield></datafield><datafield ind1=" " ind2=" " tag="035"><subfield code="a">(IDSBB)002384410DSV01</subfield></datafield><datafield ind1=" " ind2=" " tag="035"><subfield code="a">(NEBIS)004151848EBI01</subfield></datafield><datafield ind1=" " ind2=" " tag="035"><subfield code="a">(IDSSG)000238193HSB01</subfield></datafield><datafield ind1=" " ind2=" " tag="035"><subfield code="a">(EXLNZ-41SLSP_NETWORK)991147803619705501</subfield></datafield><datafield ind1=" " ind2=" " tag="040"><subfield code="a">RERO frbcuc</subfield><subfield code="d">CH-ZuSLS</subfield></datafield><datafield ind1=" " ind2="7" tag="072"><subfield code="a">dr</subfield><subfield code="2">rero</subfield></datafield><datafield ind1=" " ind2="7" tag="072"><subfield code="a">rw</subfield><subfield code="2">SzZuIDS BS/BE</subfield></datafield><datafield ind1=" " ind2="7" tag="072"><subfield code="a">po</subfield><subfield code="2">SzZuIDS BS/BE</subfield></datafield><datafield ind1="1" ind2="4" tag="082"><subfield code="a">320</subfield><subfield code="2">15</subfield></datafield><datafield ind1="1" ind2="4" tag="082"><subfield code="a">340</subfield><subfield code="2">15</subfield></datafield><datafield ind1=" " ind2=" " tag="084"><subfield code="a">A 42 g</subfield><subfield code="2">cjurrom</subfield></datafield><datafield ind1=" " ind2=" " tag="084"><subfield code="a">CA/D 42 h</subfield><subfield code="2">cjurrom</subfield></datafield><datafield ind1=" " ind2=" " tag="084"><subfield code="a">PN 356</subfield><subfield code="2">rvk</subfield></datafield><datafield ind1="1" ind2=" " tag="100"><subfield code="a">Baldus, Manfred</subfield><subfield code="d">1963-2021</subfield><subfield code="0">(DE-588)130368059</subfield><subfield code="6">880-01</subfield></datafield><datafield ind1="1" ind2=" " tag="880"><subfield code="6">100-01</subfield><subfield code="a">Baldus, Manfred</subfield><subfield code="d">1963-....</subfield><subfield code="0">(IDREF)111005795</subfield><subfield code="4">cre</subfield></datafield><datafield ind1="1" ind2="0" tag="245"><subfield code="a">Transnationales Polizeirecht</subfield><subfield code="b">Verfassungsrechtliche Grundlagen und einfach-gesetzliche Ausgestaltung polizeilicher Eingriffsbefugnisse in grenzüberschreitenden Sachverhalten</subfield><subfield code="c">Manfred Baldus</subfield></datafield><datafield ind1=" " ind2=" " tag="250"><subfield code="a">1. Aufl.</subfield></datafield><datafield ind1=" " ind2="1" tag="264"><subfield code="a">Baden-Baden</subfield><subfield code="b">Nomos</subfield><subfield code="c">2001</subfield></datafield><datafield ind1=" " ind2=" " tag="300"><subfield code="a">422 S.</subfield><subfield code="c">23 cm</subfield></datafield><datafield ind1=" " ind2=" " tag="336"><subfield code="b">txt</subfield><subfield code="2">rdacontent</subfield></datafield><datafield ind1=" " ind2=" " tag="337"><subfield code="b">n</subfield><subfield code="2">rdamedia</subfield></datafield><datafield ind1=" " ind2=" " tag="338"><subfield code="b">nc</subfield><subfield code="2">rdacarrier</subfield></datafield><datafield ind1="1" ind2=" " tag="490"><subfield code="a">Frankfurter Studien zum Datenschutz</subfield><subfield code="v">Bd. 18</subfield></datafield><datafield ind1=" " ind2=" " tag="500"><subfield code="a">Buchhandelsausg. der Habil.-Schr. Frankfurt a.M., 2000</subfield></datafield><datafield ind1=" " ind2=" " tag="502"><subfield code="a">Zugl.: Frankfurt (Main), Univ., Habil.-Schr., 2000</subfield></datafield><datafield ind1=" " ind2=" " tag="504"><subfield code="a">Bibliogr.</subfield></datafield><datafield ind1="2" ind2="7" tag="610"><subfield code="a">Union européenne</subfield><subfield code="0">(IDREF)032486324</subfield><subfield code="2">idref</subfield></datafield><datafield ind1=" " ind2="7" tag="650"><subfield code="a">Coopération internationale</subfield><subfield code="0">(IDREF)027463710</subfield><subfield code="2">idref</subfield></datafield><datafield ind1=" " ind2="7" tag="650"><subfield code="a">Criminalité</subfield><subfield code="0">(IDREF)048655600</subfield><subfield code="2">idref</subfield></datafield><datafield ind1=" " ind2="7" tag="650"><subfield code="a">Police</subfield><subfield code="0">(IDREF)027245144</subfield><subfield code="2">idref</subfield></datafield><datafield ind1=" " ind2="7" tag="650"><subfield code="a">Etat membre</subfield><subfield code="0">(RERO)A009988307</subfield><subfield code="2">rerovoc</subfield></datafield><datafield ind1=" " ind2="7" tag="650"><subfield code="a">Polizei</subfield><subfield code="x">Internationale Zusammenarbeit</subfield><subfield code="z">Deutschland (BRD)</subfield><subfield code="2">idsbb</subfield></datafield><datafield ind1=" " ind2="7" tag="650"><subfield code="a">Internationale Zusammenarbeit</subfield><subfield code="x">Polizei</subfield><subfield code="z">Deutschland (BRD)</subfield><subfield code="2">idsbb</subfield></datafield><datafield ind1=" " ind2="7" tag="650"><subfield code="a">Internationale Kooperation</subfield><subfield code="2">idszbz</subfield></datafield><datafield ind1=" " ind2="7" tag="650"><subfield code="a">Polizeirecht</subfield><subfield code="2">idszbz</subfield></datafield><datafield ind1=" " ind2="7" tag="650"><subfield code="a">Verfassungsrecht</subfield><subfield code="2">idszbz</subfield></datafield><datafield ind1=" " ind2="7" tag="650"><subfield code="a">Internationale Kooperation</subfield><subfield code="0">(DE-588)4120503-0</subfield><subfield code="2">gnd</subfield></datafield><datafield ind1=" " ind2="7" tag="650"><subfield code="a">Polizei</subfield><subfield code="0">(DE-588)4046595-0</subfield><subfield code="2">gnd</subfield></datafield><datafield ind1=" " ind2="7" tag="650"><subfield code="a">Verfassungsrecht</subfield><subfield code="0">(DE-588)4062801-2</subfield><subfield code="2">gnd</subfield></datafield><datafield ind1=" " ind2="0" tag="650"><subfield code="a">Criminal jurisdiction</subfield><subfield code="z">Germany</subfield></datafield><datafield ind1=" " ind2="0" tag="650"><subfield code="a">Law enforcement</subfield><subfield code="z">Germany</subfield><subfield code="x">International cooperation</subfield></datafield><datafield ind1=" " ind2="0" tag="650"><subfield code="a">Police</subfield><subfield code="z">Germany</subfield></datafield><datafield ind1=" " ind2="7" tag="650"><subfield code="a">Grenzüberschreitende Kooperation</subfield><subfield code="0">(DE-588)4194363-6</subfield><subfield code="2">gnd</subfield></datafield><datafield ind1=" " ind2="7" tag="650"><subfield code="a">Polizeirecht</subfield><subfield code="0">(DE-588)4115591-9</subfield><subfield code="2">gnd</subfield></datafield><datafield ind1=" " ind2="7" tag="651"><subfield code="a">Allemagne</subfield><subfield code="0">(IDREF)027218856</subfield><subfield code="2">idref</subfield></datafield><datafield ind1=" " ind2="7" tag="651"><subfield code="a">Deutschland</subfield><subfield code="2">idszbz</subfield></datafield><datafield ind1=" " ind2="7" tag="651"><subfield code="a">Deutschland</subfield><subfield code="0">(DE-588)4011882-4</subfield><subfield code="2">gnd</subfield></datafield><datafield ind1=" " ind2="7" tag="655"><subfield code="a">Hochschulschrift</subfield><subfield code="2">gnd-content</subfield></datafield><datafield ind1=" " ind2=" " tag="690"><subfield code="a">Datenschutz; Folter; Freizügigkeit; Staatsverfassung; Rechtsschutz; Gesetzesvorbehalt; Gesetzgebung; Bundesgrenzschutz; Staatsgewalt; Erlass; Rechtsprechung; Verbot; Völkerrecht; Kompetenz; Bundeskriminalamt; Bundesgebiet; Übertragung; Befugnis; Kriminalpolitik; Regelung; Grenzschutz; Absatz; Vertrag; Kriminalpolizei; Steuerfahndung; Normung; Bindung; Auslegung; Anforderung; Verarbeitung; Gemeinschaft; Organ; Auslieferung; Gebot; Organisation</subfield><subfield code="2">idssg-J</subfield></datafield><datafield ind1=" " ind2=" " tag="690"><subfield code="a">Grundrechtsschutz; Bestimmtheitsgrundsatz; Datenschutzstandard; Grundrechtsbindung; Befugnisnorm; Bundesgrenzschutzgesetz; Eingriffsbefugnis; Verfassungsentscheidung; Zollschutz; Gefahrenabwehr; Gesetzgebungskompetenz; Polizeiorgan; Folgemaßnahme; Freizügigkeitsrecht; Kompetenznorm; Normsetzungskompetenz; Parlamentsbeschluss; Verhältnismäßigkeitsprinzip; Verwaltungskompetenz; Zitiergebot; Zustimmungsgesetz; Neugründung; Zuständigkeitsregelung; Datenübermittlungsverbot; Rechtslage; Vertragsschlusskompetenz; Ausschreibungsbefugnis; Datenerhebung; Grenzabfertigung; Grenzaufsicht; Kompetenzordnung; Kompetenzzuweisung; Verfassungsauslegung; Zurechnungssperre; Zuständigkeitsordnung; Übermittlungsbefugnis; Generalkompetenz; Handlungsunfähigkeit; Hauptausschuss; Landespolizei; Normenklarheit; Verarbeitungsverbot; Verlagsgesellschaft; Zuständigkeitsausschuss; Auslegungselement; Auslieferungsverbot; Exekutivorgan; Leitfrage; Polizeibrief; Regelungsgegenstand; Bundesgrenzschutzbeamter; Bundesgrenzschutzbehörde; Bundeskriminalpolizeiamt; Datenbestand; Dienststelle; Dienstverkehr; Durchführungsübereinkommen; Durchgriffseffekt; Entstehungsgeschichte; Festhalt; Gebietsstaat; Gesamtschau; Gesetzgebungszuständigkeit; Grundgesetzbestimmung; Grundrechtseingriff; HerrenChiemsee; Hoheitsgewalt; Kompetenztitel; Polizeibehörde; Sachbereich; Schranken-Schranke; Schutzbereich; Selbstbestimmung; Stationierungsstreitkraft; Teilmenge; Todesstrafe; Verfassungskonvent; Zollfahndungsamt; Übermittlungsadressat</subfield><subfield code="2">idssg-J</subfield></datafield><datafield ind1=" " ind2=" " tag="690"><subfield code="a">abgeleitete Grundrechtsbindung; ausländische Stelle; ausländischer Ursprung; ausländischer Übermittlungsadressat; deutsche Eingriffsbefugnis; deutsche Gewalt; extraterritoriales Handeln; festgehaltene Person; fremdstaatliches Handeln; historisches Element; internationale Kommission; internationale Organisation; internationale Zusammenarbeit; offene Staatlichkeit; repressiver Schutz; semantischer Aspekt; terminologische Grundlage; zurechenbare Folgemaßnahme; zusätzliche Vorkehrung; zwischenstaatliche Einrichtung; überstaatliche Stelle; allgemeine Anforderung; allgemeine Gefahrenabwehr; allgemeine Regel; allgemeine Übermittlungsbefugnis; amsterdamer Vertrag; anderer Staat; ausdrückliche Ermächtigung; ausdrückliche Zuweisung; ausländisches Organ; ausländische Polizei; ausländisches Polizeiorgan; ausländischer Staat; auswärtige Angelegenheit; auswärtiger Bezug; auswärtiger Dienst; auswärtige Verwaltung; besonderer Grund; bundespolizeiliche Regelung; datenschutzrechtliche Bindung; datenverarbeitende Maßnahme; definierter Status; definitorische Klärung; deutsche Maßnahme; deutsches Polizeiorgan; diverse Grundgesetzbestimmung; dritter Abschnitt; dritter Teil; drohende Folter; drohende Todesstrafe; einfach-gesetzliche Ausgestaltung; einschränkende Auslegung; erster Abschnitt; erster Teil; europäische Gemeinschaft; europäisches Polizeiamt; europäisches Polizeirecht; europäische Union; extra-informationelle Folge; extraterritoriale Geltung; extraterritoriales Handeln; extraterritoriale Maßnahme; faktischer Grundrechtseingriff; festgenommene Person; freie Entfaltung; freiheitsbeschränkende Maßnahme; fremd Floheitsgewalt; fremdes Daten; fremde Gewalt; fremde Hoheitsgewalt; fremdes Polizeiorgan; fremde Rechtsnorm; fremde Stelle; fremdstaatliche Hoheitsgewalt; fremdstaatliches Polizeiorgan; funktionelle Zuständigkeit; generelles Datenübermittlungsverbot; generelle Reduktion</subfield><subfield code="2">idssg-J</subfield></datafield><datafield ind1=" " ind2=" " tag="690"><subfield code="a">; genetisches Element; geregelte Zuständigkeit; geschlossenes System; gesetzliche Grundlage; gewährleistetes Grundrecht; grenznachbarliche Angelegenheit; grenzüberschreitend Pölizeirecht; grenzüberschreitend Sach; grenzüberschreitendes Polizeirecht; grenzüberschreitender Sachverhalt; grenzüberschreitende Zollfahndung; grundgesetzliche Zuständigkeitsordnung; grundrechtlicher Bestimmtheitsgrundsatz; grundrechtlicher Gesetzesvorbehalt; grundrechtliche Problematik; grundrechtliche Schranke; grundrechtsschützende Vorkehrung; grundrechtswidrige Folgemaßnahme; historischer Aspekt; historische Grundlage; informationelle Selbstbestimmung; innerstaatliche Maßnahme; internationaler Bereich; internationaler Bezug; internationaler Datenbestand; internationale Straftat; internationale Verbrechensbekämpfung; internationale Zusammenarbeit; konkurrierend Vertragssehlußkompetenz; kriminalpolizeiliche Organisation; maastrichter Vertrag; maastrichter Ünionsvertrages; materielle Anforderung; methodologische Vorbemerkung; mittelbarer Grundrechtseingriff; nicht-deutsche Hoheitsgewalt; norminhärenter Bestandteil; objektive Vorhersehbarkeit; offene Staatlichkeit; operatives Handeln; parlamentarischer Rat; personenbezogenes Daten; polizeigesetzliche Eingriffsbefugnis; polizeiliche Datenübermittlung; polizeiliche Eingriffsbefugnis; polizeiliche Einrichtung; polizeilicher Grenzschutz; polizeiliches Handeln; polizeiliche Kommission; polizeiliche Nutzung; polizeiliche Organisation; polizeiliche Stelle; polizeiliche Verarbeitung; polizeiliche Zusammenarbeit; positives Verfassungsrecht; präventiver Schutz; reduzierte Anforderung; richterliche Zuständigkeit; sachliche Zuständigkeit; schengener Durchführungsübereinkommen; schengener Informationssystem; schrankendogmatische Begründung; siebziger Jahr; spezielle Aufgabe; spezielle Ausschreibungsbefugnis; spezielle Normsetzungskompetenz</subfield><subfield code="2">idssg-J</subfield></datafield><datafield ind1=" " ind2=" " tag="690"><subfield code="a">; speziell Verwaltungskompetenzieljen; spezielle Vorschrift; staatliche Aufgabe; staatliche Gewalt; staatliches Handeln; supranationale Hoheitsgewalt; systematischer Aspekt; tatbestandliches Element; traditionelles Auslegungselement; transnational Polizeirectit; transnationale Befugnisnorm; transnationales Polizeirecht; transnationale Regelung; umfassende Kompetenzzuweisung; uneingeschränkte Grundrechtsbindung; ungeschriebene Kompetenz; veranlaßte Erhebung; veranlaßte Übermittlung; verarbeitende Maßnahme; verdeckte Ermittlung; verfassungsrechtliche Grundlage; verfassungsrechtliche Leitfrage; verfassungsrechtliche Vorgabe; verstoßende Datenerhebung; vierter Teil; vorausgehende Maßnahme; vorbeugende Verbrechensbekämpfung; vorrangige Geltung; völkerrechtliche Zurechnungssperre; völkerrechtsfreundliche Staatlichkeit; völkerrechtsförmliches Handeln; zentrale Polizeibehörde; zweiter Abschnitt; zweiter Teil; zwischenstaatlich Eiarichtungen; zwischenstaatliches Handeln; übermittlungsbegleitende Pflicht; überschreitender Sachverhalt; überstaatliche Stelle; überstaatlicher Ursprung; überstaatlicher Übermittlungsadressat</subfield><subfield code="2">idssg-J</subfield></datafield><datafield ind1=" " ind2=" " tag="690"><subfield code="a">Deutschland C4EUGE; EU C4EU</subfield><subfield code="2">idssg-J</subfield></datafield><datafield ind1=" " ind2=" " tag="690"><subfield code="a">Art. Abs. Satz; Art. Abs. Satz Art.; ausdrücklich Ermächtigung Vorgaben; B. Abhängigkeit; B. Befugnisse; B. Gesetzgebungskompetenz; B. Grundrechtsbindung; B. Grundrechtseingriff; B. Gründung; B. Nutzungs-; B. Rechtsschutz; B. Regelungen; B. Relativierung; B. Schranken-Schranken; B. Vertragsschlußkompetenz; B. Verwaltungskompetenzen; B. Übertragung; C. Befugnisse; C. Intensivierung; C. Kompetenzen; C. Normsetzungskompetenz; C. Rechtsschutz; C. Reduktion; C. Verhältnismäßigkeitsprinzip; C. Vertragspraxis; C. Übertragung; D. Befugnisse; D. Ergebnisse; D. Rechtsschutz; dritt Teil Einfach-gesetzliche Ausgestaltung; E. Anforderungen; erst Abschnitt Transnationales Polizeirecht; G. Auswirkungen; international Kriminalpolizeiliche Organisation; Manfred Baldus Transnationales Polizeirectit; Sachverhalt Nomos Verlagsgesellschaft Baden-Baden; Titel Auswärtiger Dienst; transnational Polizeirecht Grundrechtsschutz; transnational Polizeirecht Normsetzungskompetenzen; transnational Polizeirecht Vertragsschlußkompetenzen; transnational Polizeirecht Verwaltungskompetenzen; transnational Polizeirecht Übertragung; zweit Teil Verfassungsrechtliche Grundlagen</subfield><subfield code="2">idssg-J</subfield></datafield><datafield ind1="4" ind2=" " tag="856"><subfield code="u">https://tools.unisg.ch/url/hm00038441</subfield><subfield code="z">Inhaltsverzeichnis</subfield></datafield><datafield ind1=" " ind2="0" tag="830"><subfield code="a">Frankfurter Studien zum Datenschutz</subfield><subfield code="v">18</subfield><subfield code="w">(RERO)1855052-41slsp</subfield></datafield><datafield ind1=" " ind2="0" tag="830"><subfield code="a">Frankfurter Studien zum Datenschutz</subfield><subfield code="v">18</subfield><subfield code="w">(IDSSG)000069276HSB01</subfield></datafield><datafield ind1=" " ind2=" " tag="900"><subfield code="a">IDSZ2rwimon200110f</subfield><subfield code="c">IDSZ2rosi 011004</subfield><subfield code="d">IDSZ2rwiswk200201b</subfield><subfield code="e">IDSZ2meim</subfield></datafield><datafield ind1=" " ind2=" " tag="900"><subfield code="a">IDSZ2zbzmon200201l</subfield><subfield code="c">IDSZ2proc</subfield><subfield code="d">IDSZ2zbzswk200201u</subfield></datafield><datafield ind1=" " ind2=" " tag="949"><subfield code="a">https://tools.unisg.ch/url/hm00038441</subfield></datafield></record>
</metadata></record>