<record><header><identifier>oai:alma.41SLSP_UGE:991000792509705502</identifier><datestamp>2023-05-23T00:12:36Z</datestamp><setSpec>uge_bcen_RapidILL_BOOK</setSpec><setSpec>uge_aaca_RapidILL_BOOK</setSpec><setSpec>uge_abels_RapidILL_BOOK</setSpec><setSpec>uge_dbu_RapidILL_BOOK</setSpec><setSpec>uge_cmu_RapidILL_BOOK</setSpec><setSpec>uge_mail_RapidILL_BOOK</setSpec><setSpec>uge_abbat_RapidILL_BOOK</setSpec><setSpec>UNIGE_ALL</setSpec><setSpec>uge_aobs_RapidILL_BOOK</setSpec><setSpec>uge_acar_RapidILL_BOOK</setSpec></header><metadata>
<record xmlns="http://www.loc.gov/MARC21/slim" xmlns:xsi="http://www.w3.org/2001/XMLSchema-instance" xsi:schemaLocation="http://www.loc.gov/MARC21/slim http://www.loc.gov/standards/marcxml/schema/MARC21slim.xsd"><leader>02204nam a2200541 c 4500</leader><controlfield tag="001">991000792509705502</controlfield><controlfield tag="005">20201126054239.0</controlfield><controlfield tag="008">201012s1985    fr ||||| |||| 00| ||fre d</controlfield><datafield ind1=" " ind2=" " tag="020"><subfield code="a">290363937X</subfield></datafield><datafield ind1="7" ind2=" " tag="024"><subfield code="a">http://catalogue.bnf.fr/ark:/12148/cb35872896f</subfield><subfield code="2">uri</subfield></datafield><datafield ind1=" " ind2=" " tag="035"><subfield code="a">(swissbib)237510219-41slsp_network</subfield></datafield><datafield ind1=" " ind2=" " tag="035"><subfield code="a">237510219</subfield><subfield code="9">ExL</subfield></datafield><datafield ind1=" " ind2=" " tag="035"><subfield code="a">(RERO)1061402-41slsp</subfield></datafield><datafield ind1=" " ind2=" " tag="035"><subfield code="a">(NEBIS)000573332EBI01</subfield></datafield><datafield ind1=" " ind2=" " tag="035"><subfield code="a">(IDSBB)001649886DSV01</subfield></datafield><datafield ind1=" " ind2=" " tag="035"><subfield code="a">(SBT)000823266SBT01</subfield></datafield><datafield ind1=" " ind2=" " tag="035"><subfield code="a">(EXLNZ-41SLSP_NETWORK)991113024899705501</subfield></datafield><datafield ind1=" " ind2=" " tag="040"><subfield code="a">RERO neubfl</subfield><subfield code="d">CH-ZuSLS</subfield></datafield><datafield ind1=" " ind2="7" tag="072"><subfield code="a">ba</subfield><subfield code="2">rero</subfield></datafield><datafield ind1=" " ind2="7" tag="072"><subfield code="a">kh</subfield><subfield code="2">SzZuIDS BS/BE</subfield></datafield><datafield ind1=" " ind2="7" tag="072"><subfield code="a">at</subfield><subfield code="2">rero</subfield></datafield><datafield ind1="1" ind2=" " tag="100"><subfield code="a">Manetti, Antonio</subfield><subfield code="d">1423-1497</subfield><subfield code="0">(DE-588)119062879</subfield><subfield code="6">880-01</subfield></datafield><datafield ind1="1" ind2=" " tag="880"><subfield code="6">100-01</subfield><subfield code="a">Manetti, Antonio</subfield><subfield code="d">1423-1497</subfield><subfield code="0">(IDREF)027005747</subfield></datafield><datafield ind1="1" ind2="0" tag="245"><subfield code="a">Filippo Brunelleschi, 1377-1446</subfield><subfield code="b">sa vie, son oeuvre</subfield><subfield code="c">par Antonio Manetti et Giorgio Vasari ; textes de F. Borsi ... [et al.]</subfield></datafield><datafield ind1="1" ind2=" " tag="246"><subfield code="a">Brunelleschi</subfield></datafield><datafield ind1=" " ind2=" " tag="250"><subfield code="a">[3e éd.]</subfield></datafield><datafield ind1=" " ind2="1" tag="264"><subfield code="a">Paris</subfield><subfield code="b">Ecole nationale supérieure des beaux-arts</subfield><subfield code="c">1985</subfield></datafield><datafield ind1=" " ind2=" " tag="300"><subfield code="a">168 S.</subfield><subfield code="c">30 cm</subfield><subfield code="b">217 Ill. &amp; Portr., z.T. farb.</subfield></datafield><datafield ind1=" " ind2=" " tag="336"><subfield code="b">txt</subfield><subfield code="2">rdacontent</subfield></datafield><datafield ind1=" " ind2=" " tag="337"><subfield code="b">n</subfield><subfield code="2">rdamedia</subfield></datafield><datafield ind1=" " ind2=" " tag="338"><subfield code="b">nc</subfield><subfield code="2">rdacarrier</subfield></datafield><datafield ind1=" " ind2=" " tag="500"><subfield code="a">andere Ausgabe: Filippo Brunelleschi, 1377-1446</subfield></datafield><datafield ind1="1" ind2="7" tag="600"><subfield code="a">Brunelleschi, Filippo</subfield><subfield code="d">1377-1446</subfield><subfield code="0">(IDREF)027272885</subfield><subfield code="2">idref</subfield></datafield><datafield ind1="1" ind2="7" tag="600"><subfield code="a">Brunelleschi, Filippo</subfield><subfield code="d">1377-1446</subfield><subfield code="0">(DE-588)118516086</subfield><subfield code="2">gnd</subfield></datafield><datafield ind1="1" ind2="7" tag="600"><subfield code="a">Brunelleschi, Filippo</subfield><subfield code="2">sbt12</subfield></datafield><datafield ind1=" " ind2="7" tag="650"><subfield code="a">BIOGRAPHIEN (LEBEN UND WERK)</subfield><subfield code="9">ger</subfield><subfield code="0">(ETHUDK)000036789</subfield><subfield code="2">ethudk</subfield></datafield><datafield ind1=" " ind2="7" tag="650"><subfield code="a">ITALIEN (SÜDEUROPA). REPUBLIK ITALIEN</subfield><subfield code="9">ger</subfield><subfield code="0">(ETHUDK)000003602</subfield><subfield code="2">ethudk</subfield></datafield><datafield ind1=" " ind2="7" tag="650"><subfield code="a">RENAISSANCE-ARCHITEKTUR</subfield><subfield code="9">ger</subfield><subfield code="0">(ETHUDK)000035495</subfield><subfield code="2">ethudk</subfield></datafield><datafield ind1=" " ind2="7" tag="650"><subfield code="a">RENAISSANCE-BILDHAUEREI (KUNST)</subfield><subfield code="9">ger</subfield><subfield code="0">(ETHUDK)000037551</subfield><subfield code="2">ethudk</subfield></datafield><datafield ind1=" " ind2="7" tag="650"><subfield code="a">&quot;1377/1446&quot;</subfield><subfield code="2">ethudk</subfield></datafield><datafield ind1=" " ind2="7" tag="655"><subfield code="a">[Études diverses]</subfield><subfield code="0">(RERO)A022249905</subfield><subfield code="2">rero</subfield></datafield><datafield ind1="1" ind2=" " tag="700"><subfield code="a">Brunelleschi, Filippo</subfield><subfield code="d">1377-1446</subfield><subfield code="0">(DE-588)118516086</subfield></datafield><datafield ind1="1" ind2=" " tag="700"><subfield code="a">Vasari, Giorgio</subfield><subfield code="d">1511-1574</subfield><subfield code="0">(DE-588)118626213</subfield></datafield><datafield ind1="1" ind2=" " tag="700"><subfield code="a">Borsi, F.</subfield></datafield><datafield ind1="1" ind2=" " tag="700"><subfield code="a">Brunelleschi, Filippo</subfield></datafield><datafield ind1="1" ind2=" " tag="700"><subfield code="a">Borsi, Franco</subfield><subfield code="d">1925-2008</subfield><subfield code="0">(IDREF)028287991</subfield></datafield><datafield ind1="2" ind2=" " tag="710"><subfield code="a">École Nationale Supérieure des Beaux-Arts</subfield><subfield code="g">Paris</subfield><subfield code="0">(IDREF)026408139</subfield></datafield><datafield ind1="0" ind2=" " tag="730"><subfield code="a">Brunelleschi, 1377-1446</subfield></datafield><datafield ind1=" " ind2=" " tag="900"><subfield code="a">REROnoselfmerge</subfield></datafield></record>
</metadata></record><resumptionToken>1900-01-01@all@UNIGE_ALL@marc21@5986532710005502</resumptionToken></ListRecords></OAI-PMH>